% Encoding: UTF-8

@Article{ajmera2003,
  author  = {Jitendra Ajmera and Iain McCowan and Hervé Bourlard},
  title   = {Speech/music segmentation using entropy and dynamism features in a {HMM} classification framework},
  journal = {Speech Communication},
  year    = {2003},
  volume  = {40},
  number  = {3},
  pages   = {351–363},
  doi     = {10.1016/S0167-6393(02)00087-0},
}

@InProceedings{aljanaki2018,
  author    = {Anna Aljanaki and Mohammad Soleymani},
  title     = {A data-driven approach to mid-level perceptual musical feature modeling},
  booktitle = {Proceedings of the 19th {I}nternational {S}ociety for {M}usic {I}nformation {R}etrieval {C}onference, {ISMIR} 2018},
  year      = {2018},
  editor    = {Emilia Gómez and Xiao Hu and Eric Humphrey and Emmanouil Benetos},
  publisher = {IRCAM},
  pages     = {615–621},
  address   = {Paris, France},
}

@InCollection{altenmuller2013,
  author    = {Eckart Altenmüller and Reinhard Kopiez and Oliver Grewe},
  title     = {A contribution to the evolutionary basis of music: Lessons from the chill response},
  booktitle = {Evolution of emotional communication: From sounds in nonhuman mammals to speech and music in man},
  year      = {2013},
  editor    = {Eckart Altenmüller and Sabine Schmidt and Elke Zimmermann},
  publisher = {Oxford University Press},
  chapter   = {19},
  pages     = {313–335},
  doi       = {10.1093/acprof:oso/9780199583560.003.0019},
  address   = {Oxford, UK},
}

@Article{anikin2019,
  author  = {Andrey Anikin},
  title   = {Soundgen: An open-source tool for synthesizing nonverbal vocalizations},
  journal = {Behavior Research Methods},
  year    = {2019},
  volume  = {51},
  number  = {2},
  pages   = {778–792},
  doi     = {10.3758/s13428-018-1095-7},
}

@Article{archie2013,
  author  = {Patrick Archie and Eduardo Bruera and Lorenzo Cohen},
  title   = {Music-based interventions in palliative cancer care: A review of quantitative studies and neurobiological literature},
  journal = {Supportive Care in Cancer},
  year    = {2013},
  volume  = {21},
  pages   = {2609–2624},
  doi     = {10.1007/s00520-013-1841-4},
}

@InProceedings{aucouturier2012,
  author    = {Jean-Julien Aucouturier and Emmanuel Bigand},
  title     = {Mel {C}epstrum \& {A}nn {O}va: The difficult dialog between {MIR} and music cognition},
  booktitle = {Proceedings of the 13th {I}nternational {S}ociety for {M}usic {I}nformation {R}etrieval {C}onference, {ISMIR} 2012},
  year      = {2012},
  editor    = {F. Gouyon and P. Herrera and L. G. Martins and M. Müller},
  publisher = {FEUP Edições},
  pages     = {397–402},
  address   = {Porto, Portugal},
}

@Article{aucouturier2013,
  author  = {Jean-Julien Aucouturier and Emmanuel Bigand},
  title   = {Seven problems that keep {MIR} from attracting the interest of cognition and neuroscience},
  journal = {Journal of Intelligent Information Systems},
  year    = {2013},
  volume  = {41},
  pages   = {483–497},
  doi     = {10.1007/s10844-013-0251-x},
}

@InProceedings{auricchio2017,
  author    = {Nino Auricchio},
  title     = {Natural highs: Timbre and chills in electronic dance music},
  booktitle = {Popular music studies today: Proceedings of the {I}nternational {A}ssociation for the {S}tudy of {P}opular {M}usic 2017},
  year      = {2017},
  editor    = {Julia Merrill},
  publisher = {Springer},
  pages     = {11–23},
  doi       = {10.1007/978-3-658-17740-9_1},
  address   = {Kassel, Germany},
}

@Article{baltes2011,
  author  = {Rodica Felicia Balteș and Julia Avram and Mircea Miclea and Andrei C. Miu},
  title   = {Emotions induced by operatic music: Psychophysiological effects of music, plot, and acting: A scientist's tribute to {M}aria {C}allas},
  journal = {Brain and Cognition},
  year    = {2011},
  volume  = {76},
  number  = {1},
  pages   = {146–157},
  doi     = {10.1016/j.bandc.2011.01.012},
}

@Article{baltes2014,
  author  = {Rodica Felicia Balteș and Andrei C. Miu},
  title   = {Emotions during live music performance: Links with individual differences in empathy, visual imagery, and mood},
  journal = {Psychomusicology: Music, Mind, and Brain},
  year    = {2014},
  volume  = {24},
  number  = {1},
  pages   = {58–65},
  doi     = {10.1037/pmu0000030},
}

@Dataset{bannister2017,
  author  = {Scott Bannister and Tuomas Eerola},
  title   = {Suppressing the chills: Self-reports, physiological and psychoacoustic correlates ({V}2)},
  year    = {2017},
  doi     = {10.7910/dvn/iucn1q},
  publisher = {Harvard Dataverse},
}

@Article{bannister2018,
  author  = {Scott Bannister and Tuomas Eerola},
  title   = {Suppressing the chills: Effects of musical manipulation on the chills response},
  journal = {Frontiers in Psychology},
  year    = {2018},
  volume  = {9},
  pages   = {2046},
  doi     = {10.3389/fpsyg.2018.02046},
}

@Article{bannister2019,
  author  = {Scott Bannister},
  title   = {Distinct varieties of aesthetic chills in response to multimedia},
  journal = {PLOS ONE},
  year    = {2019},
  volume  = {14},
  number  = {11},
  pages   = {e0224974},
  doi     = {10.1371/journal.pone.0224974},
}

@Article{bannister2020a,
  author  = {Scott Bannister},
  title   = {A survey into the experience of musically induced chills: Emotions, situations and music},
  journal = {Psychology of Music},
  year    = {2020},
  volume  = {48},
  number  = {2},
  pages   = {297–314},
  doi     = {10.1177/0305735618798024},
}

@Article{bannister2020b,
  author  = {Scott Bannister},
  title   = {A vigilance explanation of musical chills? {E}ffects of loudness and brightness manipulations},
  journal = {Music \& Science},
  year    = {2020},
  volume  = {3},
  pages   = {1–17},
  doi     = {10.1177/2059204320915654},
}

@PhdThesis{bannister2020c,
  author  = {Scott Bannister},
  title   = {A framework of distinct musical chills: Theoretical, causal, and conceptual evidence},
  school  = {Durham University},
  year    = {2020},
}

@Article{bannister2021,
  author  = {Scott Bannister and Tuomas Eerola},
  title   = {Vigilance and social chills with music: Evidence for two types of musical chills},
  journal = {Psychology of Aesthetics, Creativity, and the Arts},
  year    = {2021},
  volume  = {Advance online publication},
  doi     = {10.1037/aca0000421},
}

@Online{barton2020,
  author = {Kamil Bartoń},
  title  = {Mu{MI}n: Multi-model inference ({R} package version 1.43.17)},
  year   = {2020},
  url    = {https://CRAN.R-project.org/package=MuMIn},
}

@Article{bates2015,
  author  = {Douglas Bates and Martin Mächler and Ben Bolker and Steve Walker},
  title   = {Fitting linear mixed-effects models using {l}me4},
  journal = {Journal of Statistical Software},
  year    = {2015},
  volume  = {67},
  number  = {1},
  pages   = {1–48},
  doi     = {10.18637/jss.v067.i01},
}

@Article{beier2020,
  author  = {Eleonora J. Beier and Petr Janata and Justin C. Hulbert and Fernanda Ferreira},
  title   = {Do you chill when {I} chill? {A} cross-cultural study of strong emotional responses to music},
  journal = {Psychology of Aesthetics, Creativity, and the Arts},
  year    = {2020},
  volume  = {Advance online publication},
  doi     = {10.1037/aca0000310},
}

@Article{benedek2010,
  author  = {Mathias Benedek and Barbara Wilfling and Reingard Lukas-Wolfbauer and Björn H. Katzur and Christian Kaernbach},
  title   = {Objective and continuous measurement of piloerection},
  journal = {Psychophysiology},
  year    = {2010},
  volume  = {47},
  number  = {5},
  pages   = {989–993},
  doi     = {10.1111/j.1469-8986.2010.01003.x},
}

@Article{benedek2011,
  author  = {Mathias Benedek and Christian Kaernbach},
  title   = {Physiological correlates and emotional speciﬁcity of human piloerection},
  journal = {Biological Psychology},
  year    = {2011},
  volume  = {86},
  number  = {3},
  pages   = {320–329},
  doi     = {10.1016/j.biopsycho.2010.12.012},
}

@Article{beriachvili2016,
  author  = {Georges Bériachvili},
  title   = {Frisson esthétique: {\`A} la recherche d'une explication théorique},
  journal = {International Review of the Aesthetics and Sociology of Music},
  year    = {2016},
  volume  = {47},
  number  = {1},
  pages   = {63–85},
}

@Book{berlyne1971,
  title     = {Aesthetics and Psychobiology},
  publisher = {Appleton-Century-Crofts},
  year      = {1971},
  author    = {Daniel Ellis Berlyne},
  address   = {New {Y}ork, {NY}},
}

@InCollection{bharucha1994,
  author    = {Jamshed J. Bharucha},
  title     = {Tonality and expectation},
  booktitle = {Musical perceptions},
  year      = {1994},
  editor    = {Rita Aiello and John A. Sloboda},
  publisher = {Oxford University Press},
  chapter   = {9},
  pages     = {213–239},
  address   = {New York, NY},
}

@Article{bicknell2007,
  author  = {Jeanette Bicknell},
  title   = {Explaining strong emotional responses to music: Sociality and Intimacy},
  journal = {Journal of Consciousness Studies},
  year    = {2007},
  volume  = {14},
  number  = {12},
  pages   = {5–23},
}

@Article{blood2001,
  author  = {Anne J. Blood and Robert J. Zatorre},
  title   = {Intensely pleasurable responses to music correlate with activity in brain regions implicated in reward and emotion},
  journal = {Proceedings of the National Academy of Sciences of the United States of America},
  year    = {2001},
  volume  = {98},
  number  = {20},
  pages   = {11818–11823},
  doi     = {10.1073/pnas.191355898},
}

@Article{bonnevilleroussy2017,
  author  = {Arielle Bonneville-Roussy and David Stillwell and Michal Kosinski and John Rust},
  title   = {Age trends in musical preferences in adulthood: I. {C}onceptualization and empirical investigation},
  journal = {Musicae Scientiae},
  year    = {2017},
  volume  = {21},
  number  = {4},
  pages   = {369–389},
  doi     = {10.1177/1029864917691571},
}

@Article{brankovic2013,
  author  = {Saša Branković},
  title   = {Neuroaesthetics and growing interest in ``positive affect" in psychiatry: New evidence and prospects for the theory of informational needs},
  journal = {Psychiatria Danubina},
  year    = {2013},
  volume  = {25},
  number  = {2},
  pages   = {97–107},
}

@Article{brattico2009,
  author  = {Elvira Brattico and Pauli Brattico and Thomas Jacobsen},
  title   = {The origins of the aesthetic enjoyment of music — {A} review of the literature},
  journal = {Musicae Scientiae},
  year    = {2009},
  volume  = {13},
  number  = {Suppl. 2},
  pages   = {15–39},
  doi     = {10.1177/1029864909013002031},
}

@Article{brattico2013a,
  author  = {Elvira Brattico and Marcus T. Pearce},
  title   = {The neuroaesthetics of music},
  journal = {Psychology of Aesthetics, Creativity, and the Arts},
  year    = {2013},
  volume  = {7},
  number  = {1},
  pages   = {48–61},
  doi     = {10.1037/a0031624},
}

@Article{brattico2013b,
  author  = {Elvira Brattico and Brigitte Bogert and Thomas Jacobsen},
  title   = {Toward a neural chronometry for the aesthetic experience of music},
  journal = {Frontiers in Psychology},
  year    = {2013},
  volume  = {4},
  pages   = {206},
  doi     = {10.3389/fpsyg.2013.00206},
}

@InCollection{brattico2019a,
  author    = {Elvira Brattico},
  title     = {The neuroaesthetics of music: A research agenda coming of age},
  booktitle = {The {O}xford handbook of music and the brain},
  year      = {2019},
  editor    = {Michael H. Thaut and Donald A. Hodges},
  publisher = {Oxford University Press},
  chapter   = {15},
  pages     = {364–390},
  doi       = {10.1093/oxfordhb/9780198804123.013.15},
  address   = {Oxford, UK},
}

@Article{brattico2019b,
  author  = {Elvira Brattico and Ulrika Varankaitė},
  title   = {Aesthetic empowerment through music},
  journal = {Musicae Scientiae},
  year    = {2019},
  volume  = {23},
  number  = {3},
  pages   = {285–303},
  doi     = {10.1177/1029864919850606},
}

@Article{cantor2019,
  author  = {Robert M. Cantor},
  title   = {On the embodied meaning of emotional responses to music: A semiotic perspective},
  journal = {Semiotica},
  year    = {2019},
  volume  = {231},
  pages   = {225–244},
  doi     = {10.1515/sem-2018-0039},
}

@Article{carr2016,
  author  = {Sherilene M. Carr and Nikki S. Rickard},
  title   = {The use of emotionally arousing music to enhance memory for subsequently presented images},
  journal = {Psychology of Music},
  year    = {2016},
  volume  = {44},
  number  = {5},
  pages   = {1145–1157},
  doi     = {10.1177/0305735615613846},
}

@Article{chabin2020,
  author  = {Thibault Chabin and Grégory Tio and Alexandre Comte and Coralie Joucla and Damien Gabriel and Lionel Pazart},
  title   = {The relevance of a conductor competition for the study of emotional synchronization within and between groups in a natural music setting},
  journal = {Frontiers in Psychology},
  year    = {2020},
  volume  = {10},
  pages   = {2954},
  doi     = {10.3389/fpsyg.2019.02954},
}

@Article{chanda2013,
  author  = {Mona Lisa Chanda and Daniel J. Levitin},
  title   = {The neurochemistry of music},
  journal = {Trends in Cognitive Sciences},
  year    = {2013},
  volume  = {17},
  number  = {4},
  pages   = {179–193},
  doi     = {10.1016/j.tics.2013.02.007},
}

@Article{cheung2019,
  author  = {Vincent K. M. Cheung and Peter M. C. Harrison and Lars Meyer and Marcus T. Pearce and John-Dylan Haynes and Stefan Koelsch},
  title   = {Uncertainty and surprise jointly predict musical pleasure and amygdala, hippocampus, and auditory cortex activity},
  journal = {Current Biology},
  year    = {2019},
  volume  = {29},
  number  = {23},
  pages   = {4084–4092},
  doi     = {10.1016/j.cub.2019.09.067},
}

@Article{chmiel2017,
  author  = {Anthony Chmiel and Emery Schubert},
  title   = {Back to the inverted-{U} for music preference: A review of the literature},
  journal = {Psychology of Music},
  year    = {2017},
  volume  = {45},
  number  = {6},
  pages   = {886–909},
  doi     = {10.1177/0305735617697507},
}

@Article{chmiel2019,
  author  = {Anthony Chmiel and Emery Schubert},
  title   = {Unusualness as a predictor of music preference},
  journal = {Musicae Scientiae},
  year    = {2019},
  volume  = {23},
  number  = {4},
  pages   = {426–441},
  doi     = {10.1177/1029864917752545},
}

@Article{colver2016,
  author  = {Mitchell C. Colver and Amani El-Alayli},
  title   = {Getting aesthetic chills from music: The connection between openness to experience and frisson},
  journal = {Psychology of Music},
  year    = {2016},
  volume  = {44},
  number  = {3},
  pages   = {413–427},
  doi     = {10.1177/0305735615572358},
}

@InCollection{corrigall2013,
  author    = {Kathleen A. Corrigall and E. Glenn Schellenberg},
  title     = {Music: The language of emotion},
  booktitle = {Handbook of psychology of emotions: Recent theoretical perspectives and novel empirical findings},
  year      = {2013},
  editor    = {Changiz Mohiyeddini and Michael Eysenck and Stephanie Bauer},
  volume    = {2},
  publisher = {Nova Science Publishers},
  chapter   = {15},
  pages     = {299–326},
  address   = {Hauppauge, NY},
}

@InCollection{corrigall2015,
  author    = {Kathleen A. Corrigall and E. Glenn Schellenberg},
  title     = {Liking music: Genres, contextual factors, and individual differences},
  booktitle = {Art, aesthetics, and the brain},
  year      = {2015},
  editor    = {Joseph P. Huston and Marcos Nadal and Francisco Mora and Luigi F. Agnati and Camilo José Cela Conde},
  publisher = {Oxford University Press},
  chapter   = {13},
  pages     = {263–284},
  doi       = {10.1093/acprof:oso/9780199670000.003.0013},
  address   = {Oxford, UK},
}

@Book{costa1992,
  author    = {Paul T. Costa and Robert R. McCrae},
  title     = {Revised {NEO} {P}ersonality {I}nventory ({NEO}-{PI}-{R}) and {NEO} {F}ive-{F}actor {I}nventory ({NEO}-{FFI}) professional manual},
  year      = {1992},
  publisher = {Psychological Assessment Resources},
  address   = {Odessa, FL},
}

@Article{cotter2018,
  author  = {Katherine N. Cotter and Paul J. Silvia and Kirill Fayn},
  title   = {What does feeling like crying when listening to music feel like?},
  journal = {Psychology of Aesthetics, Creativity, and the Arts},
  year    = {2018},
  volume  = {12},
  number  = {2},
  pages   = {216–227},
  doi     = {10.1037/aca0000108},
}

@Article{cotter2019,
  author  = {Katherine N. Cotter and Alyssa N. Prince and Alexander P. Christensen and Paul J. Silvia},
  title   = {Feeling like crying when listening to music: Exploring musical and contextual features},
  journal = {Empirical Studies of the Arts},
  year    = {2019},
  volume  = {37},
  number  = {2},
  pages   = {119–137},
  doi     = {10.1177/0276237418805692},
}

@Article{craig2005,
  author  = {Daniel G. Craig},
  title   = {An exploratory study of physiological changes during ``chills" induced by music},
  journal = {Musicae Scientiae},
  year    = {2005},
  volume  = {9},
  number  = {2},
  pages   = {273–287},
  doi     = {10.1177/102986490500900207},
}

@Article{craig2009,
  author  = {Daniel G. Craig},
  title   = {Exploring music preference: Meaningfulness of music as a function of emotional reactions},
  journal = {Nordic Journal of Music Therapy},
  year    = {2009},
  volume  = {18},
  number  = {1},
  pages   = {57–69},
  doi     = {10.1080/08098130802697137},
}

@Article{defleurian2021a,
  author  = {Rémi de Fleurian and Marcus T. Pearce},
  title   = {The relationship between valence and chills in music: A corpus analysis},
  journal = {i-Perception},
  year    = {2021},
  volume  = {12},
  number  = {4},
  pages   = {1–11},
  doi     = {10.1177/20416695211024680},
}

@Article{delcampo2016,
  author  = {Marisa A. del Campo and Thomas J. Kehle},
  title   = {Autonomous sensory meridian response ({ASMR}) and frisson: Mindfully induced sensory phenomena that promote happiness},
  journal = {International Journal of School \& Educational Psychology},
  year    = {2016},
  volume  = {4},
  number  = {2},
  pages   = {99–105},
  doi     = {10.1080/21683603.2016.1130582},
}

@Article{dowd2012,
  author  = {Erin C. Dowd and Deanna M. Barch},
  title   = {Pavlovian reward prediction and receipt in schizophrenia: Relationship to anhedonia},
  journal = {PLOS ONE},
  year    = {2012},
  volume  = {7},
  number  = {5},
  pages   = {e35622},
  doi     = {10.1371/journal.pone.0035622},
}

@Article{dube2003,
  author  = {Laurette Dubé and Le Bel, Jordan},
  title   = {The content and structure of laypeople's concept of pleasure},
  journal = {Cognition and Emotion},
  year    = {2003},
  volume  = {17},
  number  = {2},
  pages   = {263–295},
  doi     = {10.1080/02699930302295},
}

@Article{dushoff2019,
  author  = {Jonathan Dushoff and Morgan P. Kain and Benjamin M. Bolker},
  title   = {I can see clearly now: Reinterpreting statistical significance},
  journal = {Methods in Ecology and Evolution},
  year    = {2019},
  volume  = {10},
  number  = {6},
  pages   = {756–759},
  doi     = {10.1111/2041-210X.13159},
}

@Article{eerola2011,
  author  = {Tuomas Eerola},
  title   = {Are the emotions expressed in music genre-specific? {A}n audio-based evaluation of datasets spanning classical, film, pop and mixed genres},
  journal = {Journal of New Music Research},
  year    = {2011},
  volume  = {40},
  number  = {4},
  pages   = {349–366},
  doi     = {10.1080/09298215.2011.602195},
}

@Article{eerola2016,
  author  = {Tuomas Eerola and Jonna K. Vuoskoski and Hannu Kautiainen},
  title   = {Being moved by unfamiliar sad music is associated with high empathy},
  journal = {Frontiers in Psychology},
  year    = {2016},
  volume  = {7},
  pages   = {1176},
  doi     = {10.3389/fpsyg.2016.01176},
}

@InCollection{eerola2018,
  author    = {Tuomas Eerola},
  title     = {Music and Emotions},
  booktitle = {Springer handbook of systematic musicology},
  year      = {2018},
  editor    = {Rolf Bader},
  publisher = {Springer},
  chapter   = {29},
  pages     = {539–554},
  doi       = {10.1007/978-3-662-55004-5_29},
  address   = {Berlin, Germany},
}

@Article{egermann2011,
  author  = {Hauke Egermann and Mary Elizabeth Sutherland and Oliver Grewe and Frederik Nagel and Reinhard Kopiez and Eckart Altenmüller},
  title   = {Does music listening in a social context alter experience? {A} physiological and psychological perspective on emotion},
  journal = {Musicae Scientiae},
  year    = {2011},
  volume  = {15},
  number  = {3},
  pages   = {307–323},
  doi     = {10.1177/1029864911399497},
}

@Article{egermann2013,
  author   = {Hauke Egermann and Marcus T. Pearce and Geraint A. Wiggins and Stephen Mc{A}dams},
  title    = {Probabilistic models of expectation violation predict psychophysiological emotional responses to live concert music},
  journal  = {Cognitive, Affective, and Behavioral Neuroscience},
  year     = {2013},
  volume   = {13},
  number   = {3},
  pages    = {533–553},
  doi      = {10.3758/s13415-013-0161-y},
}

@Book{fechner1876,
  title     = {Vorschule der {Ä}sthetik},
  publisher = {Breitkopf \& {H}ärtel},
  year      = {1876},
  author    = {Gustav Theodor Fechner},
  address   = {Leipzig, {G}ermany},
}


@Article{ferreri2019,
  author  = {Laura Ferreri and Ernest Mas-Herrero and Robert J. Zatorre and Pablo Ripollés and Alba Gomez-Andres and Helena Alicart and Guillem Olivé and Josep Marco-Pallarés and Rosa M. Antonijoan and Marta Valle and Jordi Riba and Antoni Rodriguez-Fornells},
  title   = {Dopamine modulates the reward experiences elicited by music},
  journal = {Proceedings of the National Academy of Sciences of the United States of America},
  year    = {2019},
  volume  = {116},
  number  = {9},
  pages   = {3793–3798},
  doi     = {10.1073/pnas.1811878116},
}

@Article{fiske2019,
  author  = {Alan Page Fiske and Beate Seibt and Thomas W. Schubert},
  title   = {The sudden devotion emotion: Kama muta and the cultural practices whose function is to evoke it},
  journal = {Emotion Review},
  year    = {2019},
  volume  = {11},
  number  = {1},
  pages   = {74–86},
  doi     = {10.1177/1754073917723167},
}

@Article{friberg2014,
  author  = {Anders Friberg and Erwin Schoonderwaldt and Anton Hedblad and Marco Fabiani and Anders Elowsson},
  title   = {Using listener-based perceptual features as intermediate representations in music information retrieval},
  journal = {The Journal of the Acoustical Society of America},
  year    = {2014},
  volume  = {136},
  pages   = {1951–1963},
  doi     = {10.1121/1.4892767},
}

@Article{fukui2013,
  author  = {Hajime Fukui and Kumiko Toyoshima},
  title   = {Inﬂuence of music on steroid hormones and the relationship between receptor polymorphisms and musical ability: A pilot study},
  journal = {Frontiers in Psychology},
  year    = {2013},
  volume  = {4},
  pages   = {910},
  doi     = {10.3389/fpsyg.2013.00910},
}

@Article{fukui2014,
  author  = {Hajime Fukui and Kumiko Toyoshima},
  title   = {Chill-inducing music enhances altruism in humans},
  journal = {Frontiers in Psychology},
  year    = {2014},
  volume  = {5},
  pages   = {1215},
  doi     = {10.3389/fpsyg.2014.01215},
}

@InProceedings{fukushima2012,
  author    = {Shogo Fukushima and Hiroyuki Kajimoto},
  title     = {Facilitating a surprised feeling by artificial control of piloerection on the forearm},
  booktitle = {Proceedings of the 3rd {A}ugmented {H}uman {I}nternational {C}onference, {AH} '12},
  year      = {2012},
  editor    = {Jean-Marc Seigneur},
  volume    = {8},
  publisher = {Association for Computing Machinery},
  pages     = {1–4},
  doi       = {10.1145/2160125.2160133},
  address   = {Megève, France},
}

@InCollection{gabrielsson2001a,
  author    = {Alf Gabrielsson},
  title     = {Emotions in strong experiences with music},
  booktitle = {Music and emotion: Theory and research},
  year      = {2001},
  editor    = {Patrik N. Juslin and John A. Sloboda},
  publisher = {Oxford University Press},
  chapter   = {19},
  pages     = {431–449},
  address   = {Oxford, UK},
}

@Article{gabrielsson2001b,
  author   = {Alf Gabrielsson},
  title    = {Emotion perceived and emotion felt: Same or different?},
  journal  = {Musicae Scientiae},
  year     = {2001},
  volume   = {5},
  number   = {Suppl. 1},
  pages    = {123–147},
  doi      = {10.1177/10298649020050s105},
}

@Article{gabrielsson2003,
  author  = {Alf Gabrielsson and Siv Lindström Wik},
  title   = {Strong experiences related to music: A descriptive system},
  journal = {Musicae Scientiae},
  year    = {2003},
  volume  = {7},
  number  = {2},
  pages   = {157–217},
  doi     = {10.1177/102986490300700201},
}

@Book{gabrielsson2011,
  author    = {Alf Gabrielsson},
  title     = {Strong experiences with music: Music is much more than just music},
  year      = {2011},
  publisher = {Oxford University Press},
  doi       = {10.1093/acprof:oso/9780199695225.001.0001},
  address   = {Oxford, UK},
}

@InCollection{gabrielsson2016,
  author    = {Alf Gabrielsson and John Whaley and John Sloboda},
  title     = {Peak experiences in music},
  booktitle = {The {O}xford handbook of music psychology},
  year      = {2016},
  editor    = {Susan Hallam and Ian Cross and Michael Thaut},
  edition   = {2nd},
  publisher = {Oxford University Press},
  chapter   = {45},
  pages     = {745–758},
  doi       = {10.1093/oxfordhb/9780198722946.013.44},
  address   = {Oxford, UK},
}

@Article{gjerdingen2008,
  author  = {Robert O. Gjerdingen and David Perrott},
  title   = {Scanning the dial: The rapid recognition of music genres},
  journal = {Journal of New Music Research},
  year    = {2008},
  volume  = {37},
  number  = {2},
  pages   = {93–100},
  doi     = {10.1080/09298210802479268},
}

@Article{gold2019,
  author  = {Benjamin P. Gold and Marcus T. Pearce and Ernest Mas-Herrero and Alain Dagher and Robert J. Zatorre},
  title   = {Predictability and uncertainty in the pleasure of music: A reward for learning?},
  journal = {Journal of Neuroscience},
  year    = {2019},
  volume  = {39},
  number  = {47},
  pages   = {9397–9409},
  doi     = {10.1523/jneurosci.0428-19.2019},
}

@Article{goldstein1980,
  author  = {Avram Goldstein},
  title   = {Thrills in response to music and other stimuli},
  journal = {Physiological Psychology},
  year    = {1980},
  volume  = {8},
  number  = {1},
  pages   = {126–129},
  doi     = {10.3758/bf03326460},
}

@Article{gomez2006,
  author  = {Emilia Gómez},
  title   = {Tonal description of polyphonic audio for music content processing},
  journal = {I{NFORMS} Journal on Computing},
  year    = {2006},
  volume  = {18},
  number  = {3},
  pages   = {294–304},
  doi     = {10.1287/ijoc.1040.0126},
}

@Article{goodchild2019,
  author  = {Meghan Goodchild and Jonathan Wild and Stephen McAdams},
  title   = {Exploring emotional responses to orchestral gestures},
  journal = {Musicae Scientiae},
  year    = {2019},
  volume  = {23},
  number  = {1},
  pages   = {25–49},
  doi     = {10.1177/1029864917704033},
}

@Article{grahn2007,
  author  = {Jessica A. Grahn and Matthew Brett},
  title   = {Rhythm and beat perception in motor areas of the brain},
  journal = {Journal of Cognitive Neuroscience},
  year    = {2007},
  volume  = {19},
  number  = {5},
  pages   = {893–906},
  doi     = {10.1162/jocn.2007.19.5.893},
}

@InCollection{greasley2016,
  author    = {Alinka Greasley and Alexandra Lamont},
  title     = {Musical preferences},
  booktitle = {The {O}xford handbook of music psychology},
  year      = {2016},
  editor    = {Susan Hallam and Ian Cross and Michael Thaut},
  edition   = {2nd},
  publisher = {Oxford University Press},
  chapter   = {17},
  pages     = {263–281},
  doi       = {10.1093/oxfordhb/9780198722946.013.58},
  address   = {Oxford, UK},
}

@Article{grewe2007,
  author  = {Oliver Grewe and Frederik Nagel and Reinhard Kopiez and Eckart Altenmüller},
  title   = {Listening to music as a re-creative process: Physiological, psychological, and psychoacoustical correlates of chills and strong emotions},
  journal = {Music Perception},
  year    = {2007},
  volume  = {24},
  number  = {3},
  pages   = {297–314},
  doi     = {10.1525/mp.2007.24.3.297},
}

@Article{grewe2009a,
  author  = {Oliver Grewe and Reinhard Kopiez and Eckart Altenmüller},
  title   = {The chill parameter: Goose bumps and shivers as promising measures in emotion research},
  journal = {Music Perception},
  year    = {2009},
  volume  = {27},
  number  = {1},
  pages   = {61–74},
  doi     = {10.1525/mp.2009.27.1.61},
}

@Article{grewe2009b,
  author  = {Oliver Grewe and Reinhard Kopiez and Eckart Altenmüller},
  title   = {Chills as an indicator of individual emotional peaks},
  journal = {Annals of the New York Academy of Sciences},
  year    = {2009},
  volume  = {1169},
  number  = {1},
  pages   = {351–354},
  doi     = {10.1111/j.1749-6632.2009.04783.x},
}

@Article{grewe2011,
  author  = {Oliver Grewe and Björn Katzur and Reinhard Kopiez and Eckart Altenmüller},
  title   = {Chills in different sensory domains: Frisson elicited by acoustical, visual, tactile and gustatory stimuli},
  journal = {Psychology of Music},
  year    = {2011},
  volume  = {39},
  number  = {2},
  pages   = {220–239},
  doi     = {10.1177/0305735610362950},
}

@Article{griffiths2004,
  author  = {T. D. Griffiths and J. D. Warren and J. L. Dean and D. Howard},
  title   = {``{W}hen the feeling's gone": A selective loss of musical emotion},
  journal = {Journal of Neurology, Neurosurgery, and Psychiatry},
  year    = {2004},
  volume  = {72},
  number  = {2},
  pages   = {344–345},
  doi     = {10.1136/jnnp.2003.015586},
}

@Article{grunkina2017,
  author  = {Viktoria Grunkina and Katharina Holtz and Kai Klepzig and Jörg Neubert and Ulrike Horn and Martin Domin and Alfons O. Hamm and Martin Lotze},
  title   = {The role of left hemispheric structures for emotional processing as a monitor of bodily reaction and felt chill – {A} case-control functional imaging study},
  journal = {Frontiers in Human Neuroscience},
  year    = {2017},
  volume  = {10},
  pages   = {670},
  doi     = {10.3389/fnhum.2016.00670},
}

@Article{guhn2007,
  author  = {Martin Guhn and Alfons Hamm and Marcel Zentner},
  title   = {Physiological and musico-acoustic correlates of the chill response},
  journal = {Music Perception},
  year    = {2007},
  volume  = {24},
  number  = {5},
  pages   = {473–483},
  doi     = {10.1525/mp.2007.24.5.473},
}

@Article{habibi2014,
  author  = {Assal Habibi and Antonio Damasio},
  title   = {Music, feelings, and the human brain},
  journal = {Psychomusicology: Music, Mind, and Brain},
  year    = {2014},
  volume  = {24},
  number  = {1},
  pages   = {92–102},
  doi     = {10.1037/pmu0000033},
}

@Article{halpern1986,
  author  = {D. Lynn Halpern and Randolph Blake and James Hillenbrand},
  title   = {Psychoacoustics of a chilling sound},
  journal = {Perception \& Psychophysics},
  year    = {1986},
  volume  = {39},
  number  = {2},
  pages   = {77–80},
  doi     = {10.3758/bf03211488},
}

@Article{hansen2014,
  author  = {Niels C. Hansen and Marcus T. Pearce},
  title   = {Predictive uncertainty in auditory sequence processing},
  journal = {Frontiers in Psychology},
  year    = {2014},
  volume  = {5},
  pages   = {1052},
  doi     = {10.3389/fpsyg.2014.01052},
}

@Article{hansen2016,
  author  = {Niels C. Hansen and Peter Vuust and Marcus T. Pearce},
  title   = {``{I}f you have to ask, you'll never know": Effects of specialised stylistic expertise on predictive processing of music},
  journal = {PLOS ONE},
  year    = {2016},
  volume  = {11},
  number  = {10},
  pages   = {e0163584},
  doi     = {10.1371/journal.pone.0163584},
}

@Book{hanslick1854,
  author    = {Eduard Hanslick},
  title     = {Vom {M}usikalisch-{S}chönen: Ein {B}eitrag zur {R}evision der {Ä}sthetik der {T}onkunst},
  year      = {1854},
  publisher = {Rudolph Weigel},
  address   = {Leipzig, Germany},
}

@InCollection{hargreaves2010,
  author    = {David J. Hargreaves and Adrian C. North},
  title     = {Experimental aesthetics and liking for music},
  booktitle = {Handbook of music and emotion: Theory, research, applications},
  year      = {2010},
  editor    = {Patrik N. Juslin and John A. Sloboda},
  publisher = {Oxford University Press},
  chapter   = {19},
  pages     = {515–546},
  doi       = {10.1093/acprof:oso/9780199230143.003.0019},
  address   = {Oxford, UK},
}

@Article{hargreaves2012,
  author  = {David J. Hargreaves},
  title   = {Musical imagination: Perception and production, beauty and creativity},
  journal = {Psychology of Music},
  year    = {2012},
  volume  = {40},
  number  = {5},
  pages   = {539–557},
  doi     = {10.1177/0305735612444893},
}

@Article{harrison2014,
  author  = {Luke Harrison and Psyche Loui},
  title   = {Thrills, chills, frissons, and skin orgasms: Toward an integrative model of transcendent psychophysiological experiences in music},
  journal = {Frontiers in Psychology},
  year    = {2014},
  volume  = {5},
  pages   = {790},
  doi     = {10.3389/fpsyg.2014.00790},
}

@Article{harrison2016,
  author  = {Neil R. Harrison and Daniel P. A. Clark},
  title   = {The observing facet of trait mindfulness predicts frequency of aesthetic experiences evoked by the arts},
  journal = {Mindfulness},
  year    = {2016},
  volume  = {7},
  pages   = {971–978},
  doi     = {10.1007/s12671-016-0536-6},
}

@Article{harrison2020,
  author  = {Peter M. C. Harrison},
  title   = {{p}sych{T}est{R}: An {R} package for designing and conducting behavioural psychological experiments},
  journal = {Journal of Open Source Software},
  year    = {2020},
  volume  = {5},
  number  = {49},
  pages   = {2088},
  doi     = {10.21105/joss.02088},
}

@Article{harvey2007,
  author  = {P.-O. Harvey and J. Pruessner and Y. Czechowska and M. Lepage},
  title   = {Individual differences in trait anhedonia: A structural and functional magnetic resonance imaging study in non-clinical subjects},
  journal = {Molecular Psychiatry},
  year    = {2007},
  volume  = {12},
  pages   = {767–775},
  doi     = {10.1038/sj.mp.4002021},
}

@Article{heathers2018,
  author  = {James A. J. Heathers and Kirill Fayn and Paul J. Silvia and Niko Tiliopoulos and Matthew S. Goodwin},
  title   = {The voluntary control of piloerection},
  journal = {PeerJ},
  year    = {2018},
  volume  = {6},
  pages   = {e5292},
  doi     = {10.7717/peerj.5292},
}

@Book{helmholtz1863,
  title     = {Die {L}ehre von den {T}onempfindungen als physiologische {G}rundlage für die {T}heorie der {M}usik},
  publisher = {J. {V}ieweg},
  year      = {1863},
  author    = {Helmholtz, Hermann von},
}

@Article{hennequin2020,
  author  = {Romain Hennequin and Anis Khlif and Felix Voituret and Manuel Moussallam},
  title   = {Spleeter: A fast and efficient music source separation tool with pre-trained models},
  journal = {Journal of Open Source Software},
  year    = {2020},
  volume  = {5},
  number  = {50},
  pages   = {2154},
  doi     = {10.21105/joss.02154},
}

@Article{hernandez2019,
  author  = {Mireia Hernández and María-Ángeles Palomar-García and Benito Nohales-Nieto and Gustau Olcina-Sempere and Esteban Villar-Rodríguez and Raúl Pastor and César Ávila and Maria-Antònia Parcet},
  title   = {Separate contribution of striatum volume and pitch discrimination to individual differences in music reward},
  journal = {Psychological Science},
  year    = {2019},
  volume  = {30},
  number  = {9},
  pages   = {1352–1361},
  doi     = {10.1177/0956797619859339},
}

@Article{heyduk1975,
  author   = {Ronald G. Heyduk},
  title    = {Rated preference for musical compositions as it relates to complexity and exposure frequency},
  journal  = {Perception \& Psychophysics},
  year     = {1975},
  volume   = {17},
  number   = {1},
  pages    = {84–90},
  doi      = {10.3758/bf03204003},
}

@InCollection{hodges2016,
  author    = {Donald A. Hodges},
  title     = {Bodily responses to music},
  booktitle = {The {O}xford handbook of music psychology},
  year      = {2016},
  editor    = {Susan Hallam and Ian Cross and Michael Thaut},
  edition   = {2nd},
  publisher = {Oxford University Press},
  chapter   = {12},
  pages     = {183–196},
  doi       = {10.1093/oxfordhb/9780198722946.013.16},
  address   = {Oxford, UK},
}

@Article{honda2020,
  author  = {Shiori Honda and Yuri Ishikawa and Rei Konno and Eiko Imai and Natsumi Nomiyama and Kazuki Sakurada and Takuya Koumura and Hirohito M. Kondo and Shigeto Furukawa and Shinya Fujii and Masashi Nakatani},
  title   = {Proximal binaural sound can induce subjective frisson},
  journal = {Frontiers in Psychology},
  year    = {2020},
  volume  = {11},
  pages   = {316},
  doi     = {10.3389/fpsyg.2020.00316},
}

@InCollection{hunter2010,
  author    = {Patrick G. Hunter and E. Glenn Schellenberg},
  title     = {Music and Emotion},
  booktitle = {Music perception},
  year      = {2010},
  editor    = {Mari Riess Jones and Richard R. Fay and Arthur N. Popper},
  publisher = {Springer},
  chapter   = {5},
  pages     = {129–164},
  doi       = {10.1007/978-1-4419-6114-3_5},
  address   = {New York, NY},
}

@Book{huron2006,
  author    = {David Huron},
  title     = {Sweet anticipation: Music and the psychology of expectation},
  year      = {2006},
  publisher = {MIT Press},
  address   = {Cambridge, MA},
}

@InCollection{huron2010,
  author    = {David Huron and Elizabeth Hellmuth Margulis},
  title     = {Musical expectancy and thrills},
  booktitle = {Handbook of music and emotion: Theory, research, applications},
  year      = {2010},
  editor    = {Patrik N. Juslin and John A. Sloboda},
  publisher = {Oxford University Press},
  chapter   = {21},
  pages     = {575–604},
  doi       = {10.1093/acprof:oso/9780199230143.003.0021},
  address   = {Oxford, UK},
}

@InCollection{huron2016,
  author    = {David Huron},
  title     = {Aesthetics},
  booktitle = {The {O}xford handbook of music psychology},
  year      = {2016},
  editor    = {Susan Hallam and Ian Cross and Michael Thaut},
  edition   = {2nd},
  publisher = {Oxford University Press},
  chapter   = {15},
  pages     = {233–245},
  doi       = {10.1093/oxfordhb/9780198722946.013.19},
  address   = {Oxford, UK},
}

@InProceedings{ishikawa2019,
  author    = {Yuri Ishikawa and Anzu Kawazoe and George Chernyshov and Shinya Fujii and Masashi Nakatani},
  title     = {The thermal feedback influencer: Wearable thermal display for enhancing the experience of music listening},
  booktitle = {Proceedings of the {I}nternational {A}sia{H}aptics {C}onference, {A}sia{H}aptics 2018: Haptic interaction},
  year      = {2019},
  editor    = {Hiroyuki Kajimoto and Dongjun Lee and Sang-Youn Kim and Masashi Konyo and Ki-Uk Kyung},
  publisher = {Springer},
  pages     = {162–168},
  doi       = {10.1007/978-981-13-3194-7_36},
  address   = {Songdo, Republic of Korea},
}

@Article{jacoby2021,
  author  = {Nori Jacoby and Rainer Polak and Jessica A. Grahn and Daniel J. Cameron and Kyung Myun Lee and Ricardo Godoy and Eduardo A. Undurraga and Tomás Huanca and Timon Thalwitzer and Noumouké Doumbia and Daniel Goldberg and Elizabeth Margulis and Patrick C. M. Wong and Luis Jure and Martín Rocamora and Shinya Fujii and Patrick E. Savage and Jun Ajimi and Rei Konno and Sho Oishi and Kelly Jakubowski and Andre Holzapfel and Esra Mungan and Ece Kaya and Preeti Rao and Mattur Ananthanarayana Rohit and Suvarna Alladi and Bronwyn Tarr and Manuel Anglada Tort and Peter M. C. Harrison and Malinda J. McPherson and Sophie Dolan and Alex Durango and Josh H. McDermott},
  title   = {Universality and cross-cultural variation in mental representations of music revealed by global comparison of rhythm priors},
  journal = {PsyArXiV},
  year    = {2021},
  doi     = {10.31234/osf.io/b879v},
}

@InProceedings{jaimovich2013,
  author    = {Javier Jaimovich and Niall Coghlan and R. Benjamin Knapp},
  title     = {Emotion in motion: A study of music and affective response},
  booktitle = {Proceedings of the 9th {I}nternational {S}ymposium on {C}omputer {M}usic {M}odeling and {R}etrieval, {CMMR} 2012: From sounds to music and emotions},
  year      = {2013},
  editor    = {Mitsuko Aramaki and Mathieu Barthet and Richard Kronland-Martinet and Sølvi Ystad},
  publisher = {Springer},
  pages     = {19–43},
  doi       = {10.1007/978-3-642-41248-6_2},
  address   = {London, UK},
}

@Article{jakubowski2017,
  author  = {Kelly Jakubowski and Sebastian Finkel and Lauren Stewart and Daniel Müllensiefen},
  title   = {Dissecting an earworm: Melodic features and song popularity predict involuntary musical imagery},
  journal = {Psychology of Aesthetics, Creativity, and the Arts},
  year    = {2017},
  volume  = {11},
  number  = {2},
  pages   = {122–135},
  doi     = {10.1037/aca0000090},
}

@PhdThesis{jensenius2002,
  author  = {Alexander R. Jensenius},
  title   = {How do we recognize a song in one second?},
  school  = {University of Oslo},
  year    = {2002},
}

@Article{ji2019,
  author  = {Qihao Ji and Sophie H. Janicke-Bowles and Rebecca N. H. {De Leeuw} and Mary Beth Oliver},
  title   = {The melody to inspiration: The effects of awe-eliciting music on approach motivation and positive well-being},
  journal = {Media Psychology},
  year    = {2019},
  volume  = {24},
  number  = {3},
  pages   = {305–331},
  doi     = {10.1080/15213269.2019.1693402},
}

@Article{jones1989,
  author  = {Mari Riess Jones and Marilyn Boltz},
  title   = {Dynamic attending and responses to time},
  journal = {Psychological Review},
  year    = {1989},
  volume  = {96},
  number  = {3},
  pages   = {459–491},
  doi     = {10.1037/0033-295x.96.3.459},
}

@Article{juang1991,
  author  = {B. H. Juang and Lawrence R. Rabiner},
  title   = {Hidden {M}arkov models for speech recognition},
  journal = {Technometrics},
  year    = {1991},
  volume  = {33},
  number  = {3},
  pages   = {251–272},
  doi     = {10.1080/00401706.1991.10484833},
}

@InCollection{jurafsky2021,
  author    = {Dan Jurafsky and James H. Martin},
  title     = {Hidden {M}arkov models},
  booktitle = {Speech and language processing},
  year      = {2021},
  chapter   = {A},
  pages     = {1–17},
}

@Article{juslin2008,
  author  = {Patrik N. Juslin and Daniel Västfjäll},
  title   = {Emotional responses to music: The need to consider underlying mechanisms},
  journal = {Behavioral and Brain Sciences},
  year    = {2008},
  volume  = {31},
  number  = {5},
  pages   = {559–575},
  doi     = {10.1017/s0140525x08005293},
}

@InCollection{juslin2010,
  author    = {Patrik N. Juslin and Simon Liljeström and Daniel Västfjäll and Lars-Olov Lundqvist},
  title     = {How does music evoke emotions?},
  booktitle = {Handbook of music and emotion: Theory, research, applications},
  year      = {2010},
  editor    = {Patrik N. Juslin and John A. Sloboda},
  publisher = {Oxford University Press},
  chapter   = {22},
  pages     = {605–642},
  doi       = {10.1093/acprof:oso/9780199230143.003.0022},
  address   = {Oxford, UK},
}

@Article{juslin2013,
  author  = {Patrik N. Juslin},
  title   = {From everyday emotions to aesthetic emotions: Towards a unified theory of musical emotions},
  journal = {Physics of Life Reviews},
  year    = {2013},
  volume  = {10},
  number  = {3},
  pages   = {235–266},
  doi     = {10.1016/j.plrev.2013.05.008},
}

@Article{juslin2014,
  author  = {Patrik N. Juslin and László Harmat and Tuomas Eerola},
  title   = {What makes music emotionally significant? {E}xploring the underlying mechanisms},
  journal = {Psychology of Music},
  year    = {2014},
  volume  = {42},
  number  = {4},
  pages   = {599–623},
  doi     = {10.1177/0305735613484548},
}

@InCollection{juslin2016,
  author    = {Patrik N. Juslin},
  title     = {Emotional reactions to music},
  booktitle = {The {O}xford handbook of music psychology},
  year      = {2016},
  editor    = {Susan Hallam and Ian Cross and Michael Thaut},
  edition   = {2nd},
  publisher = {Oxford University Press},
  chapter   = {13},
  pages     = {197–213},
  doi       = {10.1093/oxfordhb/9780198722946.013.17},
  address   = {Oxford, UK},
}

@Book{juslin2019,
  author    = {Patrik N. Juslin},
  title     = {Musical emotions explained},
  year      = {2019},
  publisher = {Oxford University Press},
  doi       = {10.1093/oso/9780198753421.001.0001},
  address   = {Oxford, UK},
}

@Article{kim2014,
  author  = {Jaemin Kim and Dae Geon Seo and Young-Ho Cho},
  title   = {A flexible skin piloerection monitoring sensor},
  journal = {Applied Physics Letters},
  year    = {2014},
  volume  = {104},
  pages   = {253502},
  doi     = {10.1063/1.4881888},
}

@Article{klapuri2006,
  author  = {Anssi P. Klapuri and Antti J. Eronen and Jaakko T. Astola},
  title   = {Analysis of the meter of acoustic musical signals},
  journal = {IEEE Transactions on Audio, Speech, and Language Processing},
  year    = {2006},
  volume  = {14},
  number  = {1},
  pages   = {342–355},
  doi     = {10.1109/TSA.2005.854090},
}

@Article{klepzig2020,
  author  = {K. Klepzig and U. Horn and J. König and K. Holtz and J. Wendt and A. O. Hamm and M. Lotze},
  title   = {Brain imaging of chill reactions to pleasant and unpleasant sounds},
  journal = {Behavioural Brain Research},
  year    = {2020},
  volume  = {380},
  pages   = {112417},
  doi     = {10.1016/j.bbr.2019.112417},
}

@Article{koelsch2010,
  author  = {Stefan Koelsch},
  title   = {Towards a neural basis of music-evoked emotions},
  journal = {Trends in Cognitive Sciences},
  year    = {2010},
  volume  = {14},
  number  = {3},
  pages   = {131–137},
  doi     = {10.1016/j.tics.2010.01.002},
}

@Article{koelsch2014,
  author  = {Stefan Koelsch},
  title   = {Brain correlates of music-evoked emotions},
  journal = {Nature Reviews Neuroscience},
  year    = {2014},
  volume  = {15},
  pages   = {170–180},
  doi     = {10.1038/nrn3666},
}

@Article{koelsch2015,
  author  = {Stefan Koelsch and Lutz Jäncke},
  title   = {Music and the heart},
  journal = {European Heart Journal},
  year    = {2015},
  volume  = {36},
  pages   = {3043–3048},
  doi     = {10.1093/eurheartj/ehv430},
}

@InCollection{konecni1979,
  author        = {Vladimir J. Konečni},
  title         = {Determinants of aesthetic preference and effects of exposure to aesthetic stimuli: Social, emotional, and cognitive factors},
  booktitle     = {Progress in Experimental Personality Research},
  publisher     = {Academic Press},
  year          = {1979},
  editor        = {Brendan A. Maher},
  volume        = {9},
  pages         = {149–197},
  address       = {New York, {NY}},
 }

@Article{konecni2005,
  author  = {Vladimir J. Konečni},
  title   = {The aesthetic trinity: Awe, being moved, thrills},
  journal = {Bulletin of Psychology and the Arts},
  year    = {2005},
  volume  = {5},
  number  = {2},
  pages   = {27–44},
  doi     = {10.1037/e674862010-005},
}

@InProceedings{konecni2007a,
  author    = {Vladimir J. Konečni},
  title     = {Music and emotion: An empirical critique of a key issue in the philosophy of music},
  booktitle = {Proceedings of the 5th {I}nternational {C}onference ``{P}erson – {C}olor – {N}ature – {M}usic"},
  year      = {2007},
  editor    = {Aleksandra {Šļahova} et al.},
  publisher = {Daugavpils University},
  pages     = {31–40},
  address   = {Daugavpils, Latvia},
}

@Article{konecni2007b,
  author  = {Vladimir J. Konečni and Rebekah A. Wanic and Amber Brown},
  title   = {Emotional and aesthetic antecedents and consequences of music-induced thrills},
  journal = {American Journal of Psychology},
  year    = {2007},
  volume  = {120},
  number  = {4},
  pages   = {619–643},
  doi     = {10.2307/20445428},
}

@Article{konecni2008,
  author  = {Vladimir J. Konečni},
  title   = {Does music induce emotion? {A} theoretical and methodological analysis},
  journal = {Psychology of Aesthetics, Creativity, and the Arts},
  year    = {2008},
  volume  = {2},
  number  = {2},
  pages   = {115–129},
  doi     = {10.1037/1931-3896.2.2.115},
}

@Article{konecni2013,
  author  = {Vladimir J. Konečni},
  title   = {Empirical psycho-aesthetics and her sisters: Substantive and methodological issues—{P}art {II}},
  journal = {The Journal of Aesthetic Education},
  year    = {2013},
  volume  = {47},
  number  = {1},
  pages   = {1–21},
  doi     = {10.5406/jaesteduc.47.1.0001},
}

@Article{kreibig2010,
  author  = {Sylvia D. Kreibig},
  title   = {Autonomic nervous system activity in emotion: A review},
  journal = {Biological Psychology},
  year    = {2010},
  volume  = {84},
  number  = {3},
  pages   = {394–421},
  doi     = {10.1016/j.biopsycho.2010.03.010},
}

@Article{krumhansl1990,
  author  = {Carol L. Krumhansl},
  title   = {Tonal hierarchies and rare intervals in music cognition},
  journal = {Music Perception},
  year    = {1990},
  volume  = {7},
  number  = {3},
  pages   = {309–324},
  doi     = {10.2307/40285467},
}

@Article{krumhansl2010,
  author  = {Carol L. Krumhansl},
  title   = {Plink: ``Thin slices" of music},
  journal = {Music Perception},
  year    = {2010},
  volume  = {27},
  number  = {5},
  pages   = {337–354},
  doi     = {10.1525/mp.2010.27.5.337},
}

@Article{kuznetsova2017,
  author  = {Alexandra Kuznetsova and Per B. Brockhoff and Rune H. B. Christensen},
  title   = {{l}mer{T}est package: Tests in linear mixed effects models},
  journal = {Journal of Statistical Software},
  year    = {2017},
  volume  = {82},
  number  = {13},
  pages   = {1–26},
  doi     = {10.18637/jss.v082.i13},
}

@Article{laeng2016,
  author  = {Bruno Laeng and Lise Mette Eidet and Unni Sulutvedt and Jaak Panksepp},
  title   = {Music chills: The eye pupil as a mirror to music's soul},
  journal = {Consciousness and Cognition},
  year    = {2016},
  volume  = {44},
  pages   = {161–178},
  doi     = {10.1016/j.concog.2016.07.009},
}

@Article{laeng2021,
  author  = {Bruno Laeng and Lara Garvija and Guro Løseth and Marie Eikemo and Gernot Ernst and Siri Leknes},
  title   = {`{D}efrosting' music chills with naltrexone: The role of endogenous opioids for the intensity of musical pleasure},
  journal = {Consciousness and Cognition},
  year    = {2021},
  volume  = {90},
  pages   = {103105},
  doi     = {10.1016/j.concog.2021.103105},
}

@Article{large1999,
  author  = {Edward W. Large and Mari Riess Jones},
  title   = {The dynamics of attending: How people track time-varying events},
  journal = {Psychological Review},
  year    = {1999},
  volume  = {106},
  number  = {1},
  pages   = {119–159},
  doi     = {10.1037/0033-295x.106.1.119},
}

@InCollection{larsen2008,
  author    = {Jeff T. Larsen and Gary G. Berntson and Kirsten M. Poehlmann and Tiffany A. Ito and John T. Cacioppo},
  title     = {The psychophysiology of emotions},
  booktitle = {Handbook of emotions},
  year      = {2008},
  editor    = {Michael Lewis and Jeannette M. Haviland-Jones and Lisa Feldman Barrett},
  edition   = {3rd},
  publisher = {Guilford Press},
  chapter   = {11},
  pages     = {180–195},
  address   = {New York, NY},
}

@InProceedings{lartillot2008,
  author    = {Olivier Lartillot and Petri Toiviainen and Tuomas Eerola},
  title     = {A {M}atlab toolbox for music information retrieval},
  booktitle = {Data analysis, machine learning and applications: Proceedings of the 31st {A}nnual {C}onference of the {G}esellschaft für {K}lassifikation},
  year      = {2008},
  editor    = {Christine Preisach and Hans Burkhardt and Lars Schmidt-Thieme and Reinhold Decker},
  publisher = {Springer},
  pages     = {261–268},
  doi       = {10.1007/978-3-540-78246-9_31},
  address   = {Heidelberg, Germany},
}

@InProceedings{lartillot2019,
  author    = {Olivier Lartillot},
  title     = {Mining{S}uite: A comprehensive {M}atlab framework for signal, audio, and music analysis, articulating audio and symbolic approaches},
  booktitle = {{SMC} 2019 {P}roceedings of the 16th {S}ound \& {M}usic {C}omputing {C}onference},
  year      = {2019},
  editor    = {Isabel Barbancho and Lorenzo J. Tardón and Alberto Peinado and Ana M. Barbancho},
  publisher = {Universidad de Málaga},
  pages     = {489},
  address   = {Málaga, Spain},
}

@Article{leder2004,
  author  = {Helmut Leder and Benno Belke and Andries Oeberst and Dorothee Augustin},
  title   = {A model of aesthetic appreciation and aesthetic judgments},
  journal = {British Journal of Psychology},
  year    = {2004},
  volume  = {94},
  number  = {4},
  pages   = {489–508},
  doi     = {10.1348/0007126042369811},
}

@Article{leder2014,
  author  = {Helmut Leder and Marcos Nadal},
  title   = {Ten years of a model of aesthetic appreciation and aesthetic judgments: The aesthetic episode – {D}evelopments and challenges in empirical aesthetics},
  journal = {British Journal of Psychology},
  year    = {2014},
  volume  = {105},
  number  = {4},
  pages   = {443–464},
  doi     = {10.1111/bjop.12084},
}

@InProceedings{lee2008,
  author    = {Eun-Jeong Lee},
  title     = {The thrill effect in medical treatment: Thrill effect as a therapeutic tool in clinical health care (esp. music therapy)},
  booktitle = {Proceedings of the {EU}-{K}orea {C}onference on {S}cience and {T}echnology. {EKC}2008},
  year      = {2008},
  editor    = {Seung-Deog Yoo},
  publisher = {Springer},
  pages     = {477–483},
  address   = {Heidelberg, Germany},
}

@InCollection{levinson2006,
  author    = {Jerrold Levinson},
  title     = {Musical Chills},
  booktitle = {Contemplating art: Essays in aesthetics},
  year      = {2006},
  editor    = {Jerrold Levinson},
  publisher = {Oxford University Press},
  chapter   = {12},
  pages     = {220–236},
  doi       = {10.1093/acprof:oso/9780199206179.003.0013},
  address   = {Oxford, UK},
}

@Article{levinson2009,
  author  = {Jerrold Levinson},
  title   = {The aesthetic appreciation of music},
  journal = {British Journal of Aesthetics},
  year    = {2009},
  volume  = {49},
  number  = {4},
  pages   = {415–425},
  doi     = {10.1093/aesthj/ayp043},
}

@Online{ligges2018,
  author = {Uwe Ligges and Sebastian Krey and Olaf Mersmann and Sarah Schnackenberg},
  title  = {{t}une{R}: Analysis of music and speech ({R} package version 1.3.3.)},
  year   = {2018},
  url    = {https://CRAN.R-project.org/package=tuneR},
}

@Article{linnemann2018,
  author  = {Alexandra Linnemann and Gunter Kreutz and Mario Gollwitzer and Urs M. Nater},
  title   = {Validation of the {G}erman version of the {M}usic-{E}mpathizing-{M}usic-{S}ystemizing ({MEMS}) inventory (short version)},
  journal = {Frontiers in Behavioral Neuroscience},
  year    = {2018},
  volume  = {12},
  pages   = {153},
  doi     = {10.3389/fnbeh.2018.00153},
}

@Article{logothetis2008,
  author  = {Nikos K. Logothetis},
  title   = {What we can do and what we cannot do with {fMRI}},
  journal = {Nature},
  year    = {2008},
  volume  = {453},
  pages   = {869–878},
  doi     = {10.1038/nature06976},
}

@Article{loui2017,
  author  = {Psyche Loui and Sean Patterson and Matthew E. Sachs and Yvonne Leung and Tima Zeng and Emily Przysinda},
  title   = {White matter correlates of musical anhedonia: Implications for evolution of music},
  journal = {Frontiers in Psychology},
  year    = {2017},
  volume  = {8},
  pages   = {1664},
  doi     = {10.3389/fpsyg.2017.01664},
}

@Article{mace2012,
  author   = {Sandra T. Mace and Cynthia L. Wagoner and David J. Teachout and Donald A. Hodges},
  title    = {Genre identification of very brief musical excerpts},
  journal  = {Psychology of Music},
  year     = {2012},
  volume   = {40},
  number   = {1},
  pages    = {112–128},
  doi      = {10.1177/0305735610391347},
}

@Article{madison2017,
  author   = {Guy Madison and Gunilla Schiölde},
  title    = {Repeated listening increases the liking for music regardless of its complexity: Implications for the appreciation and aesthetics of music},
  journal  = {Frontiers in Neuroscience},
  year     = {2017},
  volume   = {11},
  pages    = {147},
  doi      = {10.3389/fnins.2017.00147},
}

@Article{madsen1993,
  author   = {Clifford K. Madsen and Ruth V. Brittin and Deborah A. Capperella-Sheldon},
  title    = {An empirical method for measuring the aesthetic experience to music},
  journal  = {Journal of Research in Music Education},
  year     = {1993},
  volume   = {41},
  number   = {1},
  pages    = {57–69},
  doi      = {10.2307/3345480},
}

@Article{mallik2017,
  author  = {Adiel Mallik and Mona Lisa Chanda and Daniel J. Levitin},
  title   = {Anhedonia to music and mu-opioids: Evidence from the administration of naltrexone},
  journal = {Scientific Reports},
  year    = {2017},
  volume  = {7},
  pages   = {41952},
  doi     = {10.1038/srep41952},
}

@Article{maruskin2012,
  author  = {Laura A. Maruskin and Todd M. Thrash and Andrew J. Elliot},
  title   = {The chills as a psychological construct: Content universe, factor structure, affective composition, elicitors, trait antecedents, and consequences},
  journal = {Journal of Personality and Social Psychology},
  year    = {2012},
  volume  = {103},
  number  = {1},
  pages   = {135–157},
  doi     = {10.1037/a0028117},
}

@Article{masherrero2013,
  author  = {Ernest Mas-Herrero and Josep Marco-Pallarés and Urbano Lorenzo-Seva and Robert J. Zatorre and Antoni Rodriguez-Fornells},
  title   = {Individual differences in music reward experiences},
  journal = {Music Perception},
  year    = {2013},
  volume  = {31},
  number  = {2},
  pages   = {118–138},
  doi     = {10.1525/mp.2013.31.2.118},
}

@Article{masherrero2014,
  author  = {Ernest Mas-Herrero and Robert J. Zatorre and Antoni Rodriguez-Fornells and Josep Marco-Pallarés},
  title   = {Dissociation between musical and monetary reward responses in speciﬁc musical anhedonia},
  journal = {Current Biology},
  year    = {2014},
  volume  = {24},
  number  = {6},
  pages   = {699–704},
  doi     = {10.1016/j.cub.2014.01.068},
}

@Article{masherrero2018,
  author  = {Ernest Mas-Herrero and Alain Dagher and Robert J. Zatorre},
  title   = {Modulating musical reward sensitivity up and down with transcranial magnetic stimulation},
  journal = {Nature Human Behaviour},
  year    = {2018},
  volume  = {2},
  pages   = {27–32},
  doi     = {10.1038/s41562-017-0241-z},
}

@Article{mathis2017,
  author  = {Walter S. Mathis and Xiaotong Han},
  title   = {The acute effect of pleasurable music on craving for alcohol: A pilot crossover study},
  journal = {Journal of Psychiatric Research},
  year    = {2017},
  volume  = {90},
  pages   = {143–147},
  doi     = {10.1016/j.jpsychires.2017.04.008},
}

@Article{mathot2012,
  author  = {Sebastiaan Mathôt and Daniel Schreij and Jan Theeuwes},
  title   = {Open{S}esame: An open-source, graphical experiment builder for the social sciences},
  journal = {Behavior Research Methods},
  year    = {2012},
  volume  = {44},
  pages   = {314–324},
  doi     = {10.3758/s13428-011-0168-7},
}

@Article{mccrae2007,
  author  = {Robert R. McCrae},
  title   = {Aesthetic chills as a universal marker of openness to experience},
  journal = {Motivation and Emotion},
  year    = {2007},
  volume  = {31},
  number  = {1},
  pages   = {5–11},
  doi     = {10.1007/s11031-007-9053-1},
}

@InCollection{mcdermott2012,
  author    = {Josh H. McDermott},
  title     = {Auditory preferences and aesthetics: Music, voices, and everyday sounds},
  booktitle = {Neuroscience of preference and choice: Cognitive and neural mechanisms},
  year      = {2012},
  editor    = {Raymond J. Dolan and Tali Sharot},
  publisher = {Academic Press},
  chapter   = {10},
  pages     = {227–256},
  doi       = {10.1016/b978-0-12-381431-9.00020-6},
  address   = {San Diego, CA},
}

@Article{mcevilly1999,
  author  = {Daniel K. Mc{E}villy},
  title   = {Chills and tempo},
  journal = {Music Perception},
  year    = {1999},
  volume  = {16},
  number  = {4},
  pages   = {457–462},
  doi     = {10.2307/40285804},
}

@InProceedings{melchiorre2020,
  author    = {Alessandro B. Melchiorre and Markus Schedl},
  title     = {Personality correlates of music audio preferences for modelling music listeners},
  booktitle = {Proceedings of the 28th {ACM} {C}onference on {U}ser {M}odeling, {A}daptation and {P}ersonalization, {UMAP} '20},
  year      = {2020},
  editor    = {Tsvi Kuflik and Ilaria Torre},
  publisher = {Association for Computing Machinery},
  pages     = {313–317},
  doi       = {10.1145/3340631.3394874},
  address   = {Genoa, Italy},
}

@Article{mehr2019,
  author  = {S. A. Mehr and M. Singh and D. Knox and D. M. Ketter and D. Pickens-Jones and S. Atwood and C. Lucas and N. Jacoby and A. A. Egner and E. J. Hopkins and R. M. Howard and J. K. Hartshorne and M. V. Jennings and J. Simson and C. M. Bainbridge and S. Pinker and T. J. O'Donnell and M. M. Krasnow and L. Glowacki},
  title   = {Universality and diversity in human song},
  journal = {Science},
  year    = {2019},
  volume  = {336},
  number  = {6468},
  pages   = {eaax0868},
  doi     = {10.1126/science.aax0868},
}

@Article{mencke2019,
  author  = {Iris Mencke and Diana Omigie and Melanie Wald-Fuhrmann and Elvira Brattico},
  title   = {Atonal music: Can uncertainty lead to pleasure?},
  journal = {Frontiers in Neuroscience},
  year    = {2019},
  volume  = {12},
  pages   = {979},
  doi     = {10.3389/fnins.2018.00979},
}

@Article{menninghaus2015,
  author  = {Winfried Menninghaus and Valentin Wagner and Julian Hanich and Eugen Wassiliwizky and Milena Kuehnast and Thomas Jacobsen},
  title   = {Towards a psychological construct of being moved},
  journal = {PLOS ONE},
  year    = {2015},
  volume  = {10},
  number  = {6},
  pages   = {e0128451},
  doi     = {10.1371/journal.pone.0128451},
}

@Article{mesaros2016,
  author  = {Annamaria Mesaros and Toni Heittola and Tuomas Virtanen},
  title   = {Metrics for polyphonic sound event detection},
  journal = {Applied Sciences},
  year    = {2016},
  volume  = {6},
  number  = {6},
  pages   = {162},
  doi     = {10.3390/app6060162},
}

@Book{meyer1956,
  author    = {Leonard B. Meyer},
  title     = {Emotion and meaning in music},
  year      = {1956},
  publisher = {Chicago University Press},
  doi       = {10.7208/chicago/9780226521374.001.0001},
  address   = {Chicago, IL},
}

@Article{meyer1957,
  author   = {Leonard B. Meyer},
  title    = {Meaning in music and information theory},
  journal  = {The Journal of Aesthetics and Art Criticism},
  year     = {1957},
  volume   = {15},
  number   = {4},
  pages    = {412–424},
  doi      = {10.2307/427154},
}

@Article{miranda2007,
  author  = {Robbin A. Miranda and Michael T. Ullman},
  title   = {Double dissociation between rules and memory in music: An event-related potential study},
  journal = {NeuroImage},
  year    = {2007},
  volume  = {38},
  number  = {2},
  pages   = {331–345},
  doi     = {10.1016/j.neuroimage.2007.07.034},
}

@InProceedings{mlejnek2013,
  author    = {Roman Mlejnek},
  title     = {Physically experienced reactions and music: A questionnaire study of musicians and non-musicians},
  booktitle = {Proceedings of the 3rd {I}nternational {C}onference on {M}usic and {E}motion, {ICME3}},
  year      = {2013},
  editor    = {Geoff Luck and Olivier Brabant},
  publisher = {University of Jyväskylä, Department of Music},
  address   = {Jyväskylä, Finland},
}

@Article{mori2014a,
  author  = {Kazuma Mori and Makoto Iwanaga},
  title   = {Music-induced chills as a strong emotional experience},
  journal = {The Japanese Journal of Psychology},
  year    = {2014},
  volume  = {85},
  number  = {5},
  pages   = {495–509},
  doi     = {10.4992/jjpsy.85.13401},
}

@Article{mori2014b,
  author  = {Kazuma Mori and Makoto Iwanaga},
  title   = {Resting physiological arousal is associated with the experience of music-induced chills},
  journal = {International Journal of Psychophysiology},
  year    = {2014},
  volume  = {93},
  number  = {2},
  pages   = {220–226},
  doi     = {10.1016/j.ijpsycho.2014.05.001},
}

@Article{mori2015,
  author  = {Kazuma Mori and Makoto Iwanaga},
  title   = {General reward sensitivity predicts intensity of music-evoked chills},
  journal = {Music Perception},
  year    = {2015},
  volume  = {32},
  number  = {5},
  pages   = {484–492},
  doi     = {10.1525/mp.2015.32.5.484},
}

@Article{mori2017,
  author  = {Kazuma Mori and Makoto Iwanaga},
  title   = {Two types of peak emotional responses to music: The psychophysiology of chills and tears},
  journal = {Scientific Reports},
  year    = {2017},
  volume  = {7},
  pages   = {46063},
  doi     = {10.1038/srep46063},
}

@Article{mori2022,
  author  = {Kazuma Mori},
  title   = {Decoding peak emotional responses to music from computational and lyrical features},
  journal = {Cognition},
  year    = {2022},
  volume  = {222},
  pages   = {105010},
  doi     = {10.1016/j.cognition.2021.105010},
}

@Article{mullensiefen2014,
  author  = {Daniel Müllensiefen and Bruno Gingras and Jason Musil and Lauren Stewart},
  title   = {The musicality of non-musicians: An index for assessing musical sophistication in the general population},
  journal = {PLOS ONE},
  year    = {2014},
  volume  = {9},
  number  = {2},
  pages   = {e89642},
  doi     = {10.1371/journal.pone.0089642},
}

@Article{nagel2007,
  author  = {Frederik Nagel and Reinhard Kopiez and Oliver Grewe and Eckart Altenmüller},
  title   = {{EMuJoy}: Software for continuous measurement of perceived emotions in music},
  journal = {Behavior Research Methods},
  year    = {2007},
  volume  = {39},
  number  = {2},
  pages   = {283–290},
  doi     = {10.3758/bf03193159},
}

@Article{nagel2008,
  author  = {Frederik Nagel and Reinhard Kopiez and Oliver Grewe and Eckart Altenmüller},
  title   = {Psychoacoustical correlates of musically induced chills},
  journal = {Musicae Scientiae},
  year    = {2008},
  volume  = {12},
  number  = {1},
  pages   = {101–113},
  doi     = {10.1177/102986490801200106},
}

@Article{nakagawa2013,
  author  = {Shinichi Nakagawa and Holger Schielzeth},
  title   = {A general and simple method for obtaining $R^2$ from generalized linear mixed-effects models},
  journal = {Methods in Ecology and Evolution},
  year    = {2013},
  volume  = {4},
  pages   = {133–142},
  doi     = {10.1111/j.2041-210x.2012.00261.x},
}

@InProceedings{neidlinger2017,
  author    = {Kristin Neidlinger and Khiet P. Truong and Caty Telfair and Loe Feijs and Edwin Dertien and Vanessa Evers},
  title     = {{AWE}lectric: That gave me goosebumps, did you feel it too?},
  booktitle = {Proceedings of the {E}leventh {I}nternational {C}onference on {T}angible, {E}mbedded, and {E}mbodied {I}nteraction, {TEI} '17},
  year      = {2017},
  editor    = {Roshan Peiris},
  publisher = {Association for Computing Machinery},
  pages     = {315–324},
  doi       = {10.1145/3024969.3025004},
  address   = {Yokohama, Japan},
}

@Article{north1995,
  author   = {Adrian C. North and David J. Hargreaves},
  title    = {Subjective complexity, familiarity, and liking for popular music},
  journal  = {Psychomusicology},
  year     = {1995},
  volume   = {14},
  number   = {1–2},
  pages    = {77–93},
  doi      = {10.1037/h0094090},
}

@Article{nusbaum2011,
  author  = {Emily C. Nusbaum and Paul J. Silvia},
  title   = {Shivers and timbres: Personality and the experience of chills from music},
  journal = {Social Psychological and Personality Science},
  year    = {2011},
  volume  = {2},
  number  = {2},
  pages   = {199–204},
  doi     = {10.1177/1948550610386810},
}

@Article{nusbaum2014,
  author  = {Emily C. Nusbaum and Paul J. Silvia and Roger E. Beaty and Chris J. Burgin and Donald A. Hodges and Thomas R. Kwapil},
  title   = {Listening between the notes: Aesthetic chills in everyday music listening},
  journal = {Psychology of Aesthetics, Creativity, and the Arts},
  year    = {2014},
  volume  = {8},
  number  = {1},
  pages   = {104–109},
  doi     = {10.1037/a0034867},
}

@Article{nusbaum2015,
  author  = {Emily C. Nusbaum and Paul J. Silvia and Roger E. Beaty and Chris J. Burgin and Thomas R. Kwapil},
  title   = {Turn that racket down! {P}hysical anhedonia and diminished pleasure from music},
  journal = {Empirical Studies of the Arts},
  year    = {2015},
  volume  = {33},
  number  = {2},
  pages   = {228–243},
  doi     = {10.1177/0276237415597392},
}

@Article{orne1962,
  author  = {Martin T. Orne},
  title   = {On the social psychology of the psychological experiment: With particular reference to demand characteristics and their implications},
  journal = {American Psychologist},
  year    = {1962},
  volume  = {17},
  number  = {11},
  pages   = {776–783},
  doi     = {10.1037/h0043424},
}

@Article{orr2005,
  author   = {Mark G. Orr and Stellan Ohlsson},
  title    = {Relationship between complexity and liking as a function of expertise},
  journal  = {Music Perception},
  year     = {2005},
  volume   = {22},
  number   = {4},
  pages    = {583–611},
  doi      = {10.1525/mp.2005.22.4.583},
}

@Article{panksepp1995,
  author  = {Jaak Panksepp},
  title   = {The emotional sources of ``chills" induced by music},
  journal = {Music Perception},
  year    = {1995},
  volume  = {13},
  number  = {2},
  pages   = {171–207},
  doi     = {10.2307/40285693},
}

@Article{panksepp2002,
  author  = {Jaak Panksepp and Günther Bernatzky},
  title   = {Emotional sounds and the brain: The neuro-affective foundations of musical appreciation},
  journal = {Behavioural Processes},
  year    = {2002},
  volume  = {60},
  number  = {2},
  pages   = {133–155},
  doi     = {10.1016/s0376-6357(02)00080-3},
}

@Article{panksepp2009,
  author  = {Jaak Panksepp},
  title   = {The emotional antecedents to the evolution of music and language},
  journal = {Musicae Scientiae},
  year    = {2009},
  volume  = {13},
  number  = {Suppl. 2},
  pages   = {229–259},
  doi     = {10.1177/1029864909013002111},
}

@Article{panzarella1980,
  author  = {Robert Panzarella},
  title   = {The phenomenology of aesthetic peak experiences},
  journal = {Journal of Humanistic Psychology},
  year    = {1980},
  volume  = {20},
  number  = {1},
  pages   = {69–85},
  doi     = {10.1177/002216788002000105},
}

@Article{park2019,
  author  = {K. Shin Park and Chris J. Hass and Bradley Fawver and Hyokeun Lee and Christopher M. Janelle},
  title   = {Emotional states inﬂuence forward gait during music listening based on familiarity with music selections},
  journal = {Human Movement Science},
  year    = {2019},
  volume  = {66},
  pages   = {53–62},
  doi     = {10.1016/j.humov.2019.03.004},
}

@PhdThesis{pearce2005,
  author  = {Marcus T. Pearce},
  title   = {The construction and evaluation of statistical models of melodic structure in music perception and composition},
  school  = {City University of London},
  year    = {2005},
}

@Article{pearce2012,
  author  = {Marcus T. Pearce and Geraint A. Wiggins},
  title   = {Auditory expectation: The information dynamics of music perception and cognition},
  journal = {Topics in Cognitive Science},
  year    = {2012},
  volume  = {4},
  number  = {4},
  pages   = {625–652},
  doi     = {10.1111/j.1756-8765.2012.01214.x},
}

@Article{pearce2018,
  author  = {Marcus T. Pearce},
  title   = {Statistical learning and probabilistic prediction in music cognition: Mechanisms of stylistic enculturation},
  journal = {Annals of the New York Academy of Sciences},
  year    = {2018},
  volume  = {1423},
  number  = {1},
  pages   = {378–395},
  doi     = {10.1111/nyas.13654},
}

@Article{pedregosa2011,
  author  = {F. Pedregosa and G. Varoquaux and A. Gramfort and V. Michel and B. Thirion and O. Grisel and M. Blondel and P. Prettenhofer and R. Weiss and V. Dubourg and J. Vanderplas and A. Passos and D. Cournapeau and M. Brucher and M. Perrot and E. Duchesnay},
  title   = {Scikit-learn: Machine learning in {P}ython},
  journal = {Journal of Machine Learning Research},
  year    = {2011},
  volume  = {12},
  pages   = {2825–2830},
}

@Article{pelowski2017,
  author  = {Matthew Pelowski and Patrick S. Markey and Michael Forster and Gernot Gerger and Helmut Leder},
  title   = {Move me, astonish me... delight my eyes and brain: The {V}ienna {I}ntegrated {M}odel of top-down and bottom-up processes in {A}rt {P}erception ({VIMAP}) and corresponding affective, evaluative, and neurophysiological correlates},
  journal = {Physics of Life Reviews},
  year    = {2017},
  volume  = {21},
  pages   = {80–125},
  doi     = {10.1016/j.plrev.2017.02.003},
}

@Article{pelowski2018,
  author  = {Matthew Pelowski and Patrick S. Markey and Helmut Leder},
  title   = {Chills, aesthetic experience, and new versus old knowledge — {W}hat do chills actually portend? {C}omment on ``{P}hysics of mind: {E}xperimental conﬁrmations of theoretical predictions" by {S}choeller et al.},
  journal = {Physics of Life Reviews},
  year    = {2018},
  volume  = {25},
  pages   = {83–87},
  doi     = {10.1016/j.plrev.2018.03.014},
}

@Article{pereira2011,
  author  = {Carlos Silva Pereira and João Teixeira and Patricia Figueiredo and João Xavier and São Luís Castro and Elvira Brattico},
  title   = {Music and emotions in the brain: Familiarity matters},
  journal = {PLOS ONE},
  year    = {2011},
  volume  = {6},
  number  = {11},
  pages   = {e27241},
  doi     = {10.1371/journal.pone.0027241},
}

@InCollection{platt1999,
  author    = {John C. Platt},
  title     = {Probabilistic outputs for support vector machines and comparisons to regularized likelihood methods},
  booktitle = {Advances in large-margin classifiers},
  year      = {1999},
  editor    = {Alexander J. Smola and Peter Bartlett and Bernhard Schölkopf and Dale Schuurmans},
  publisher = {MIT Press},
  chapter   = {5},
  pages     = {61–74},
  address   = {Cambridge, MA},
}

@Article{poldrack2011,
  author  = {Russell A. Poldrack},
  title   = {Inferring mental states from neuroimaging data: From reverse inference to large-scale decoding},
  journal = {Neuron},
  year    = {2011},
  volume  = {72},
  number  = {5},
  pages   = {692–697},
  doi     = {10.1016/j.neuron.2011.11.001},
}

@PhdThesis{polo2017,
  author  = {Michael J. Polo},
  title   = {Chill responses to post-tonal music: Musical structures and physiological reactions},
  school  = {University of Florida},
  year    = {2017},
}

@Article{quesnel2018,
  author  = {Denise Quesnel and Bernhard E. Riecke},
  title   = {Are you awed yet? {H}ow virtual reality gives us awe and goose bumps},
  journal = {Frontiers in Psychology},
  year    = {2018},
  volume  = {9},
  pages   = {2158},
  doi     = {10.3389/fpsyg.2018.02158},
}

@Article{quirogamartinez2019,
  author  = {David R. Quiroga-Martinez and Niels C. Hansen and Andreas Højlund and Marcus T. Pearce and Elvira Brattico and Peter Vuust},
  title   = {Musical prediction error responses similarly reduced by predictive uncertainty in musicians and non-musicians},
  journal = {European Journal of Neuroscience},
  year    = {2019},
  volume  = {51},
  number  = {11},
  pages   = {2250–2269},
  doi     = {10.1111/ejn.14667},
}

@Article{rabiner1989,
  author  = {Lawrence R. Rabiner},
  title   = {A tutorial on hidden {M}arkov models and selected applications in speech recognition},
  journal = {Proceedings of the IEEE},
  year    = {1989},
  volume  = {77},
  number  = {2},
  pages   = {257–286},
  doi     = {10.1109/5.18626},
}

@Article{rentfrow2003,
  author  = {Peter J. Rentfrow and Samuel D. Gosling},
  title   = {The do re mi's of everyday life: The structure and personality correlates of music preferences},
  journal = {Journal of Personality and Social Psychology},
  year    = {2003},
  volume  = {84},
  number  = {6},
  pages   = {1236–1256},
  doi     = {10.1037/0022-3514.84.6.1236},
}

@Article{rentfrow2011,
  author  = {Peter J. Rentfrow and Lewis R. Goldberg and Daniel J. Levitin},
  title   = {The structure of musical preferences: A five-factor model},
  journal = {Journal of Personality and Social Psychology},
  year    = {2011},
  volume  = {100},
  number  = {6},
  pages   = {1139–1157},
  doi     = {10.1037/a0022406},
}

@Article{rentfrow2012,
  author  = {Peter J. Rentfrow and Lewis R. Goldberg and David J. Stillwell and Michal Kosinski and Samuel D. Gosling and Daniel J. Levitin},
  title   = {The song remains the same: A replication and extension of the {MUSIC} model},
  journal = {Music Perception},
  year    = {2012},
  volume  = {30},
  number  = {2},
  pages   = {161–185},
  doi     = {10.1525/mp.2012.30.2.161},
}

@Article{rickard2004,
  author  = {Nikki S. Rickard},
  title   = {Intense emotional responses to music: A test of the physiological arousal hypothesis},
  journal = {Psychology of Music},
  year    = {2004},
  volume  = {32},
  number  = {4},
  pages   = {371–388},
  doi     = {10.1177/0305735604046096},
}

@Article{rohrmeier2012,
  author   = {Martin A. Rohrmeier and Stefan Koelsch},
  title    = {Predictive information processing in music cognition. {A} critical review},
  journal  = {International Journal of Psychophysiology},
  year     = {2012},
  volume   = {83},
  number   = {2},
  pages    = {164–175},
  doi      = {10.1016/j.ijpsycho.2011.12.010},
}

@Article{sachs2016,
  author  = {Matthew E. Sachs and Robert J. Ellis and Gottfried Schlaug and Psyche Loui},
  title   = {Brain connectivity reflects human aesthetic responses to music},
  journal = {Social Cognitive and Affective Neuroscience},
  year    = {2016},
  volume  = {11},
  number  = {6},
  pages   = {884–891},
  doi     = {10.1093/scan/nsw009},
}

@InCollection{sachs2018,
  author    = {Matthew  E. Sachs and Assal Habibi and Hanna Damasio},
  title     = {Reflections on music, affect, and sociality},
  booktitle = {The arts and the brain: Psychology and physiology beyond pleasure},
  year      = {2018},
  editor    = {Julia F. Christensen and Antoni Gomila},
  publisher = {Academic Press},
  chapter   = {8},
  pages     = {153–172},
  doi       = {10.1016/bs.pbr.2018.03.009},
  address   = {Cambridge, MA},
}

@Article{saffran1999,
  author  = {Jenny R. Saffran and Elizabeth K. Johnson and Richard N. Aslin and Elissa L. Newport},
  title   = {Statistical learning of tone sequences by human infants and adults},
  journal = {Cognition},
  year    = {1999},
  volume  = {70},
  number  = {1},
  pages   = {27–52},
  doi     = {10.1016/s0010-0277(98)00075-4},
}

@Article{salamon2012,
  author  = {Justin Salamon and Emilia Gómez},
  title   = {Melody extraction from polyphonic music signals using pitch contour characteristics},
  journal = {IEEE Transactions on Audio, Speech, and Language Processing},
  year    = {2012},
  volume  = {20},
  number  = {6},
  pages   = {1759–1770},
  doi     = {10.1109/TASL.2012.2188515},
}

@Article{salimpoor2009,
  author  = {Valorie N. Salimpoor and Mitchel Benovoy and Gregory Longo and Jeremy R. Cooperstock and Robert J. Zatorre},
  title   = {The rewarding aspects of music listening are related to degree of emotional arousal},
  journal = {PLOS ONE},
  year    = {2009},
  volume  = {4},
  number  = {10},
  pages   = {e7487},
  doi     = {10.1371/journal.pone.0007487},
}

@Article{salimpoor2011,
  author  = {Valorie N. Salimpoor and Mitchel Benovoy and Kevin Larcher and Alain Dagher and Robert J. Zatorre},
  title   = {Anatomically distinct dopamine release during anticipation and experience of peak emotion to music},
  journal = {Nature Neuroscience},
  year    = {2011},
  volume  = {14},
  number  = {2},
  pages   = {257–262},
  doi     = {10.1038/nn.2726},
}

@Article{salimpoor2013,
  author  = {Valorie N. Salimpoor and Robert J. Zatorre},
  title   = {Neural interactions that give rise to musical pleasure},
  journal = {Psychology of Aesthetics, Creativity, and the Arts},
  year    = {2013},
  volume  = {7},
  number  = {1},
  pages   = {62–75},
  doi     = {10.1037/a0031819},
}

@Article{salimpoor2015,
  author  = {Valorie N. Salimpoor and David H. Zald and Robert J. Zatorre and Alain Dagher and Anthony Randal McIntosh},
  title   = {Predictions and the brain: How musical sounds become rewarding},
  journal = {Trends in Cognitive Sciences},
  year    = {2015},
  volume  = {19},
  number  = {2},
  pages   = {86–91},
  doi     = {10.1016/j.tics.2014.12.001},
}

@Article{satoh2016,
  author  = {Masayuki Satoh and Natsuko Kato and Ken-{i}chi Tabei and Chizuru Nakano and Makiko Abe and Risa Fujita and Hirotaka Kida and Hidekazu Tomimoto and Kiyohiko Kondo},
  title   = {A case of musical anhedonia due to right putaminal hemorrhage: A disconnection syndrome between the auditory cortex and insula},
  journal = {Neurocase},
  year    = {2016},
  volume  = {22},
  number  = {6},
  pages   = {518–525},
  doi     = {10.1080/13554794.2016.1264609},
}

@Article{sauve2018,
  author  = {Sarah A. Sauvé and A. Sayed and R. T. Dean and Marcus T. Pearce},
  title   = {Effects of pitch and timing expectancy on musical emotion},
  journal = {Psychomusicology: Music, Mind, and Brain},
  year    = {2018},
  volume  = {28},
  number  = {1},
  pages   = {17–39},
  doi     = {10.1037/pmu0000203},
}

@Article{savage2015,
  author  = {P. E. Savage and S. Brown and E. Sakai and T. E. Currie},
  title   = {Statistical universals reveal the structures and functions of human music},
  journal = {Proceedings of the National Academy of Sciences of the United States of America},
  year    = {2015},
  volume  = {112},
  number  = {29},
  pages   = {8987–8992},
  doi     = {10.1073/pnas.1414495112},
}

@Article{schaefer2017,
  author  = {Hans-Eckhardt Schaefer},
  title   = {Music-evoked emotions—{C}urrent studies},
  journal = {Frontiers in Neuroscience},
  year    = {2017},
  volume  = {11},
  pages   = {600},
  doi     = {10.3389/fnins.2017.00600},
}

@Article{schafer2010,
  author  = {Thomas Schäfer and Peter Sedlmeier},
  title   = {What makes us like music? {D}eterminants of music preference},
  journal = {Psychology of Aesthetics, Creativity, and the Arts},
  year    = {2010},
  volume  = {4},
  number  = {4},
  pages   = {223–234},
  doi     = {10.1037/a0018374},
}

@Article{schafer2011,
  author  = {Thomas Schäfer and Peter Sedlmeier},
  title   = {Does the body move the soul? {T}he impact of arousal on music preference},
  journal = {Music Perception},
  year    = {2011},
  volume  = {29},
  number  = {1},
  pages   = {37–50},
  doi     = {10.1525/mp.2011.29.1.37},
}

@Article{schafer2017,
  author  = {Thomas Schäfer and Claudia Mehlhorn},
  title   = {Can personality traits predict musical style preferences? {A} meta-analysis},
  journal = {Personality and Individual Differences},
  year    = {2017},
  volume  = {116},
  pages   = {265–273},
  doi     = {10.1016/j.paid.2017.04.061},
}

@Article{schellenberg1999,
  author  = {E. Glenn Schellenberg and Paul Iverson and Margaret C. Mc{K}innon},
  title   = {Name that tune: Identifying popular recordings from brief excerpts},
  journal = {Psychonomic Bulletin \& Review},
  year    = {1999},
  volume  = {6},
  number  = {4},
  pages   = {641–646},
  doi     = {10.3758/BF03212973},
}

@Article{scherer2001,
  author  = {Klaus R. Scherer and Marcel R. Zentner and Annekathrin Schacht},
  title   = {Emotional states generated by music: An exploratory study of music experts},
  journal = {Musicae Scientiae},
  year    = {2001},
  volume  = {5},
  number  = {Suppl. 1},
  pages   = {149–171},
  doi     = {10.1177/10298649020050s106},
}

@Article{scherer2009,
  author  = {Klaus R. Scherer},
  title   = {The dynamic architecture of emotion: Evidence for the component process model},
  journal = {Cognition and Emotion},
  year    = {2009},
  volume  = {23},
  number  = {7},
  pages   = {1307–1351},
  doi     = {10.1080/02699930902928969},
}

@Article{schoeller2015,
  author  = {Félix Schoeller},
  title   = {Knowledge, curiosity, and aesthetic chills},
  journal = {Frontiers in Psychology},
  year    = {2015},
  volume  = {6},
  pages   = {1546},
  doi     = {10.3389/fpsyg.2015.01546},
}

@Article{schoeller2016,
  author  = {Félix Schoeller and Leonid Perlovsky},
  title   = {Aesthetic chills: Knowledge-acquisition, meaning-making, and aesthetic emotions},
  journal = {Frontiers in Psychology},
  year    = {2016},
  volume  = {7},
  pages   = {1093},
  doi     = {10.3389/fpsyg.2016.01093},
}

@Article{schoeller2018a,
  author  = {Félix Schoeller and Mickaël Eskinazi and Damien Garreau},
  title   = {Dynamics of the knowledge instinct: Eﬀects of incoherence on the cognitive system},
  journal = {Cognitive Systems Research},
  year    = {2018},
  volume  = {48},
  pages   = {85–91},
  doi     = {10.1016/j.cogsys.2017.07.005},
}

@Article{schoeller2018b,
  author  = {Félix Schoeller and Leonid Perlovsky and Dmitry Arseniev},
  title   = {Physics of mind: Experimental conﬁrmations of theoretical predictions},
  journal = {Physics of Life Reviews},
  year    = {2018},
  volume  = {25},
  pages   = {45–68},
  doi     = {10.1016/j.plrev.2017.11.021},
}

@Article{schoeller2019a,
  author  = {Félix Schoeller and M. Eskinazi},
  title   = {Psychologie du frisson esthétique},
  journal = {Psychologie Française},
  year    = {2019},
  volume  = {64},
  pages   = {305–312},
  doi     = {10.1016/j.psfr.2017.11.003},
}

@Article{schoeller2019b,
  author  = {Félix Schoeller and A. J. H. Haar and A. Jain and P. Maes},
  title   = {Enhancing human emotions with interoceptive technologies},
  journal = {Physics of Life Reviews},
  year    = {2019},
  volume  = {31},
  pages   = {310–319},
  doi     = {10.1016/j.plrev.2019.10.008},
}

@Article{schreiber2018,
  author  = {Jacob Schreiber},
  title   = {{p}omegranate: Fast and flexible probabilistic modeling in {P}ython},
  journal = {Journal of Machine Learning Research},
  year    = {2018},
  volume  = {18},
  number  = {164},
  pages   = {1–6},
}

@Article{schubert2013,
  author  = {Emery Schubert},
  title   = {Emotion felt by the listener and expressed by the music: Literature review and theoretical perspectives},
  journal = {Frontiers in Psychology},
  year    = {2013},
  volume  = {4},
  pages   = {837},
  doi     = {10.3389/fpsyg.2013.00837},
}

@Article{schubert2016,
  author  = {Emery Schubert and Adrian C. North and David J. Hargreaves},
  title   = {Aesthetic experience explained by the affect-space framework},
  journal = {Empirical Musicology Review},
  year    = {2016},
  volume  = {11},
  number  = {3–4},
  pages   = {330–345},
  doi     = {10.18061/emr.v11i3-4.5115},
}

@Article{schubert2018,
  author  = {Thomas W. Schubert and Janis H. Zickfeld and Beate Seibt and Alan Page Fiske},
  title   = {Moment-to-moment changes in feeling moved match changes in closeness, tears, goosebumps, and warmth: Time series analyses},
  journal = {Cognition and Emotion},
  year    = {2018},
  volume  = {32},
  number  = {1},
  pages   = {174–184},
  doi     = {10.1080/02699931.2016.1268998},
}

@Article{schurtz2012,
  author  = {David R. Schurtz and Sarai Blincoe and Richard H. Smith and Caitlin A. J. Powell and David J. Y. Combs and Sung Hee Kim},
  title   = {Exploring the social aspects of goose bumps and their role in awe and envy},
  journal = {Motivation and Emotion},
  year    = {2012},
  volume  = {36},
  pages   = {205–217},
  doi     = {10.1007/s11031-011-9243-8},
}

@Article{seibt2017,
  author  = {Beate Seibt and Thomas W. Schubert and Janis H. Zickfeld and Alan Page Fiske},
  title   = {Interpersonal closeness and morality predict feelings of being moved},
  journal = {Emotion},
  year    = {2017},
  volume  = {17},
  number  = {3},
  pages   = {389–394},
  doi     = {10.1037/emo0000271},
}

@Article{seibt2018,
  author  = {Beate Seibt and Thomas W. Schubert and Janis H. Zickfeld and Lei Zhu and Patrícia Arriaga and Cláudia Simão and Ravit Nussinson and Alan Page Fiske},
  title   = {Kama muta: Similar emotional responses to touching videos across the {U}nited {S}tates, {N}orway, {C}hina, {I}srael, and {P}ortugal},
  journal = {Journal of Cross-Cultural Psychology},
  year    = {2018},
  volume  = {49},
  number  = {3},
  pages   = {418–435},
  doi     = {10.1177/0022022117746240},
}

@Article{silvia2011,
  author  = {Paul J. Silvia and Emily C. Nusbaum},
  title   = {On personality and piloerection: Individual differences in aesthetic chills and other unusual aesthetic experiences},
  journal = {Psychology of Aesthetics, Creativity, and the Arts},
  year    = {2011},
  volume  = {5},
  number  = {3},
  pages   = {208–214},
  doi     = {10.1037/a0021914},
}

@Article{silvia2015,
  author  = {Paul J. Silvia and Kirill Fayn and Emily C. Nusbaum and Roger E. Beaty},
  title   = {Openness to experience and awe in response to nature and music: Personality and profound aesthetic experiences},
  journal = {Psychology of Aesthetics, Creativity, and the Arts},
  year    = {2015},
  volume  = {9},
  number  = {4},
  pages   = {376–384},
  doi     = {10.1037/aca0000028},
}

@Article{shannon1948,
  author  = {Claude Elwood Shannon},
  title   = {A mathematical theory of communication},
  journal = {The Bell System Technical Journal},
  year    = {1948},
  volume  = {27},
  number  = {3},
  pages   = {379–423},
  doi     = {10.1002/j.1538-7305.1948.tb01338.x},
}

@Article{sloboda1991,
  author  = {John A. Sloboda},
  title   = {Music structure and emotional response: Some empirical findings},
  journal = {Psychology of Music},
  year    = {1991},
  volume  = {19},
  number  = {2},
  pages   = {110–120},
  doi     = {10.1177/0305735691192002},
}

@Article{smith1990,
  author   = {J. David Smith and Robert J. Melara},
  title    = {Aesthetic preference and syntactic prototypicality in music: '{T}is the gift to be simple},
  journal  = {Cognition},
  year     = {1990},
  volume   = {34},
  number   = {3},
  pages    = {279–298},
  doi      = {10.1016/0010-0277(90)90007-7},
}

@Article{solberg2019,
  author  = {Ragnhild Torvanger Solberg and Nicola Dibben},
  title   = {Peak experiences with electronic dance music: Subjective experiences, physiological responses, and musical characteristics of the break routine},
  journal = {Music Perception},
  year    = {2019},
  volume  = {36},
  number  = {4},
  pages   = {371–389},
  doi     = {10.1525/mp.2019.36.4.371},
}

@Article{starcke2019,
  author  = {Katrin Starcke and Richard von Georgi and Titta Marianne Tiihonen and Klaus-Felix Laczika and Christoph Reuter},
  title   = {Don't drink and chill: Effects of alcohol on subjective and physiological reactions during music listening and their relationships with personality and listening habits},
  journal = {International Journal of Psychophysiology},
  year    = {2019},
  volume  = {142},
  pages   = {25–32},
  doi     = {10.1016/j.ijpsycho.2019.06.001},
}

@InCollection{stark2018,
  author    = {Eloise A. Stark and Peter Vuust and Morten L. Kringelbach},
  title     = {Music, dance, and other art forms: new insights into the links between hedonia (pleasure) and eudaimonia (well-being)},
  booktitle = {The arts and the brain: Psychology and physiology beyond pleasure},
  year      = {2018},
  editor    = {Julia F. Christensen and Antoni Gomila},
  publisher = {Academic Press},
  chapter   = {7},
  pages     = {129–152},
  doi       = {10.1016/bs.pbr.2018.03.019},
  address   = {Cambridge, MA},
}

@Article{steinbeis2006,
  author  = {Nikolaus Steinbeis and Stefan Koelsch and John A. Sloboda},
  title   = {The role of harmonic expectancy violations in musical emotions: Evidence from subjective, physiological, and neural responses},
  journal = {Journal of Cognitive Neuroscience},
  year    = {2006},
  volume  = {18},
  number  = {8},
  pages   = {1380–1393},
  doi     = {10.1162/jocn.2006.18.8.1380},
}

@Article{strick2015,
  author  = {Madelijn Strick and Hanka L. de Bruin and Linde C. de Ruiter and Wouter Jonkers},
  title   = {Striking the right chord: Moving music increases psychological transportation and behavioral intentions},
  journal = {Journal of Experimental Psychology: Applied},
  year    = {2015},
  volume  = {21},
  number  = {1},
  pages   = {57–72},
  doi     = {10.1037/xap0000034},
}

@Article{sueur2008,
  author  = {Jerome Sueur and Thierry Aubin and Caroline Simonis},
  title   = {Seewave, a free modular tool for sound analysis and synthesis},
  journal = {Bioacoustics},
  year    = {2008},
  volume  = {18},
  number  = {2},
  pages   = {213–226},
  doi     = {10.1080/09524622.2008.9753600},
}

@Article{sumpf2015,
  author  = {Maria Sumpf and Sebastian Jentschke and Stefan Koelsch},
  title   = {Effects of aesthetic chills on a cardiac signature of emotionality},
  journal = {PLOS ONE},
  year    = {2015},
  volume  = {10},
  number  = {6},
  pages   = {e0130117},
  doi     = {10.1371/journal.pone.0130117},
}

@Article{sutherland2009,
  author  = {Mary Elizabeth Sutherland and Oliver Grewe and Hauke Egermann and Frederik Nagel and Reinhard Kopiez and Eckart Altenmüller},
  title   = {The influence of social situations on music listening},
  journal = {Annals of the New York Academy of Sciences},
  year    = {2009},
  volume  = {1169},
  pages   = {363–367},
  doi     = {10.1111/j.1749-6632.2009.04764.x},
}

@Article{teki2011,
  author  = {Sundeep Teki and Manon Grube and Sukhbinder Kumar and Timothy D. Griffiths},
  title   = {Distinct neural substrates of duration-based and beat-based auditory timing},
  journal = {Journal of Neuroscience},
  year    = {2011},
  volume  = {31},
  number  = {10},
  pages   = {3805–3812},
  doi     = {10.1523/jneurosci.5561-10.2011},
}

@Online{thompson2020,
  author = {Charlie Thompson and Josiah Parry and Donal Phipps and Tom Wolff},
  title  = {{s}potifyr: R wrapper for the `{S}potify' {W}eb {API} ({R} package version 2.1.1.)},
  year   = {2020},
  url    = {https://github.com/charlie86/spotifyr},
}

@Article{tihanyi2016,
  author  = {Benedek T. Tihanyi},
  title   = {A zenei bizsergés pszichofiziológiai háttere és terápiás felhasználása},
  journal = {Mentálhigiéné és Pszichoszomatika},
  year    = {2016},
  volume  = {17},
  number  = {1},
  pages   = {19–36},
  doi     = {10.1556/0406.17.2016.1.2},
}

@Article{tingley2014,
  author  = {Dustin Tingley and Teppei Yamamoto and Kentaro Hirose and Luke Keele and Kosuke Imai},
  title   = {{m}ediation: R package for causal mediation Analysis},
  journal = {Journal of Statistical Software},
  year    = {2014},
  volume  = {59},
  number  = {5},
  pages   = {1–38},
  doi     = {10.18637/jss.v059.i05},
}

@Article{tomar2006,
  author  = {Suramya Tomar},
  title   = {Converting video formats with {FF}mpeg},
  journal = {Linux Journal},
  year    = {2006},
  volume  = {146},
  pages   = {10},
}

@InCollection{trainor2016,
  author    = {Laurel J. Trainor and Robert J. Zatorre},
  title     = {The neurobiology of musical expectations from perception to emotion},
  booktitle = {The Oxford Handbook of Music Psychology},
  publisher = {Oxford University Press},
  year      = {2016},
  editor    = {Susan Hallam and Ian Cross and Michael Thaut},
  chapter   = {18},
  pages     = {285–305},
  address   = {Oxford, {UK}},
  edition   = {2nd},
  doi       = {10.1093/oxfordhb/9780198722946.013.21},
}

@Article{vanessen2013,
  author  = {David C. {Van Essen} and Stephen M. Smith and Deanna M. Barch and Timothy E. J. Behrens and Essa Yacoub and Kamil Ugurbil},
  title   = {The {WU}-{M}inn {H}uman {Connectome} {Project}: An overview},
  journal = {NeuroImage},
  year    = {2013},
  volume  = {80},
  pages   = {62–79},
  doi     = {10.1016/j.neuroimage.2013.05.041},
}

@Article{verhaeghen2018,
  author  = {Paul Verhaeghen},
  title   = {Once more, with feeling: The role of familiarity in the aesthetic response},
  journal = {The Psychological Record},
  year    = {2018},
  volume  = {68},
  pages   = {379–384},
  doi     = {10.1007/s40732-018-0312-1},
}

@Article{vitz1966,
  author   = {Paul C. Vitz},
  title    = {Affect as a function of stimulus variation},
  journal  = {Journal of Experimental Psychology},
  year     = {1966},
  volume   = {71},
  number   = {1},
  pages    = {74–79},
  doi      = {10.1037/h0022619},
}

@Article{vuoskoski2017,
  author  = {Jonna K. Vuoskoski and Tuomas Eerola},
  title   = {The pleasure evoked by sad music is mediated by feelings of being moved},
  journal = {Frontiers in Psychology},
  year    = {2017},
  volume  = {8},
  pages   = {439},
  doi     = {10.3389/fpsyg.2017.00439},
}

@Article{vuoskoski2022,
  author  = {Jonna K. Vuoskoski and Janis H. Zickfeld and Vinoo Alluri and Vishnu Moorthigari and Beate Seibt},
  title   = {Feeling moved by music: Investigating continuous ratings and acoustic correlates},
  journal = {PLOS ONE},
  year    = {2022},
  volume  = {17},
  number  = {1},
  pages   = {e0261151},
  doi     = {10.1371/journal.pone.0261151},
}

@InCollection{vuust2010,
  author    = {Peter Vuust and Morten L. Kringelbach},
  title     = {The pleasure of music},
  booktitle = {Pleasures of the brain},
  year      = {2010},
  editor    = {Morten L. Kringelbach and Kent C. Berridge},
  publisher = {Oxford University Press},
  chapter   = {15},
  pages     = {255–269},
  address   = {Oxford, UK},
}

@InProceedings{wang2019,
  author    = {Changhong Wang and Emmanouil Benetos and Xiaojie Meng and Elaine Chew},
  title     = {{HMM}-based glissando detection for recordings of Chinese bamboo flute},
  booktitle = {{SMC} 2019 {P}roceedings of the 16th {S}ound \& {M}usic {C}omputing {C}onference},
  year      = {2019},
  editor    = {Isabel Barbancho and Lorenzo J. Tardón and Alberto Peinado and Ana M. Barbancho},
  publisher = {Universidad de Málaga},
  pages     = {545–550},
  address   = {Málaga, Spain},
}

@Article{warrenburg2020,
  author  = {Lindsay A. Warrenburg},
  title   = {Choosing the right tune: A review of music stimuli used in emotion research},
  journal = {Music Perception},
  year    = {2020},
  volume  = {37},
  number  = {3},
  pages   = {240–258},
  doi     = {10.1525/mp.2020.37.3.240},
}

@Article{wassiliwizky2015,
  author  = {Eugen Wassiliwizky and Valentin Wagner and Thomas Jacobsen and Winfried Menninghaus},
  title   = {Art-elicited chills indicate states of being moved},
  journal = {Psychology of Aesthetics, Creativity, and the Arts},
  year    = {2015},
  volume  = {9},
  number  = {4},
  pages   = {405–416},
  doi     = {10.1037/aca0000023},
}

@Article{wassiliwizky2017a,
  author  = {Eugen Wassiliwizky and Thomas Jacobsen and Jan Heinrich and Manuel Schneiderbauer and Winfried Menninghaus},
  title   = {Tears falling on goosebumps: Co-occurrence of lacrimation and emotional piloerection indicates a psychophysiological climax in emotional arousal},
  journal = {Frontiers in Psychology},
  year    = {2017},
  volume  = {8},
  pages   = {41},
  doi     = {10.3389/fpsyg.2017.00041},
}

@Article{wassiliwizky2017b,
  author  = {Eugen Wassiliwizky and Stefan Koelsch and Valentin Wagner and Thomas Jacobsen and Winfried Menninghaus},
  title   = {The emotional power of poetry: Neural circuitry, psychophysiology and compositional principles},
  journal = {Social Cognitive and Affective Neuroscience},
  year    = {2017},
  volume  = {12},
  number  = {8},
  pages   = {1129–1240},
  doi     = {10.1093/scan/nsx069},
}

@Article{weth2015,
  author  = {Karim Weth and Marius H. Raab and Claus-Christian Carbon},
  title   = {Investigating emotional responses to self-selected sad music via self-report and automated facial analysis},
  journal = {Musicae Scientiae},
  year    = {2015},
  volume  = {19},
  number  = {4},
  pages   = {412–432},
  doi     = {10.1177/1029864915606796},
}

@Article{williams2018,
  author  = {Paula G. Williams and Kimberley T. Johnson and Brian J. Curtis and Jace B. King and Jeffrey S. Anderson},
  title   = {Individual differences in aesthetic engagement are reflected in resting-state f{MRI} connectivity: Implications for stress resilience},
  journal = {NeuroImage},
  year    = {2018},
  volume  = {179},
  pages   = {156–165},
  doi     = {10.1016/j.neuroimage.2018.06.042},
}

@Book{wundt1863,
  title     = {Vorlesungen über die {M}enschen- und {T}ierseele},
  publisher = {Leopold {V}oss},
  year      = {1863},
  author    = {Wilhelm Wundt},
  address   = {Leipzig, {G}ermany},
}

@Article{zajonc1968,
  author  = {Robert B. Zajonc},
  title   = {Attitudinal effects of mere exposure},
  journal = {Journal of Personality and Social Psychology},
  year    = {1968},
  volume  = {9},
  number  = {2, Pt.2},
  pages   = {1–27},
  doi     = {10.1037/h0025848},
}

@Article{zatorre2003,
  author  = {Robert J. Zatorre},
  title   = {Music and the brain},
  journal = {Annals of the New York Academy of Sciences},
  year    = {2003},
  volume  = {999},
  number  = {1},
  pages   = {4–14},
  doi     = {10.1196/annals.1284.001},
}

@Article{zatorre2013,
  author  = {Robert J. Zatorre and Valorie N. Salimpoor},
  title   = {From perception to pleasure: Music and its neural substrates},
  journal = {Proceedings of the National Academy of Sciences of the United States of America},
  year    = {2013},
  volume  = {110},
  number  = {Suppl. 2},
  pages   = {10430–10437},
  doi     = {10.1073/pnas.1301228110},
}

@Article{zatorre2015,
  author  = {Robert J. Zatorre},
  title   = {Musical pleasure and reward: Mechanisms and dysfunction},
  journal = {Annals of the New York Academy of Sciences},
  year    = {2015},
  volume  = {1337},
  number  = {1},
  pages   = {202–211},
  doi     = {10.1111/nyas.12677},
}

@Article{zentner2008,
  author  = {Marcel Zentner and Didier Grandjean and Klaus R. Scherer},
  title   = {Emotions evoked by the sound of music: Characterization, classification, and measurement},
  journal = {Emotion},
  year    = {2008},
  volume  = {8},
  number  = {4},
  pages   = {494–521},
  doi     = {10.1037/1528-3542.8.4.494},
}

@InCollection{zentner2010,
  author    = {Marcel Zentner and Tuomas Eerola},
  title     = {Self-report measures and models},
  booktitle = {Handbook of music and emotion: Theory, research, applications},
  year      = {2010},
  editor    = {Patrik N. Juslin and John A. Sloboda},
  publisher = {Oxford University Press},
  chapter   = {8},
  pages     = {187–221},
  doi       = {10.1093/acprof:oso/9780199230143.003.0008},
  address   = {Oxford, UK},
}

@Article{zickfeld2017,
  author  = {Janis H. Zickfeld and Thomas W. Schubert and Beate Seibt and Alan P. Fiske},
  title   = {Empathic concern is part of a more general communal emotion},
  journal = {Frontiers in Psychology},
  year    = {2017},
  volume  = {8},
  pages   = {723},
  doi     = {10.3389/fpsyg.2017.00723},
}

@Article{zickfeld2019a,
  author  = {Janis H. Zickfeld and Thomas W. Schubert and Beate Seibt and Johanna K. Blomster and Patrícia Arriaga and Nekane Basabe and Agata Blaut and Amparo Caballero and Pilar Carrera and Ilker Dalğar and Yi Ding and Kitty Dumont and Valerie Gaulhofer and Asmir Gračanin and Réka Gyenis and Chuan-Peng Hu and Igor Kardum and Ljiljana Lazarević and Leemamol Mathew and Sari Mentser and Ravit Nussinson and Mayuko Onuki and Darío Páez and Anna Pásztor and Kaiping Peng and Boban Petrović and José J. Pizarro and Victoria Schönefeld and Magdalena Śmieja and Akihiko Tokaji and Ad Vingerhoets and Anja Vorster and Jonna Vuoskoski and Lei Zhu and Alan Page Fiske},
  title   = {Kama muta: Conceptualizing and measuring the experience often labelled being moved across 19 nations and 15 languages},
  journal = {Emotion},
  year    = {2019},
  volume  = {19},
  number  = {3},
  pages   = {402–424},
  doi     = {10.1037/emo0000450},
}

@Article{zickfeld2019b,
  author  = {Janis H. Zickfeld and Thomas W. Schubert and Beate Seibt and Alan P. Fiske},
  title   = {Moving through the literature: What is the emotion often denoted being moved?},
  journal = {Emotion Review},
  year    = {2019},
  volume  = {11},
  number  = {2},
  pages   = {123–139},
  doi     = {10.1177/1754073918820126},
}
